3975 6292
182 169 189 181 '
240 192 296 253 uio
886 185 1022 251 inuuunt
1037 191 1210 253 suenonis
1831 197 1876 259 sn

241 324 286 369 uia
302 308 443 381 largiaris,
462 307 499 365 ita
510 322 598 381 penes
612 318 638 367 te
653 308 707 365 sint
722 308 811 365 omnia
827 310 903 381 quisi
921 324 952 365 eo
968 310 1042 365 solus
1056 316 1083 377 Α
1095 313 1235 381 querimur
1249 309 1403 382 ignoscunt,
1418 309 1515 383 quibus
1527 308 1600 366 aliud
1614 308 1725 366 sortasse
1738 312 1877 369 curantibus

240 404 377 463 obtineas.
395 404 430 461 lli
441 404 513 460 euiin
528 404 575 461 ille
588 402 633 476 qni
648 418 743 461 omues
756 418 841 474 aquas
855 402 925 459 eoelo
943 413 970 459 et
986 412 1042 459 ter·
1094 404 1240 474 grandines
1256 412 1351 466 inunt,
1369 413 1448 459 terrae
1463 402 1616 472 debiscunt,
1632 404 1712 461 urbes
1725 404 1877 461 liauiiuniur.

241 496 281 553 ris
304 496 411 567 praebet
443 496 568 553 Oceanus
598 510 709 567 semper
743 504 832 551 tamen
867 494 895 550 in
925 495 1042 551 motibus
1093 491 1159 563 Qum
1175 510 1228 551 non
1250 494 1303 553 illis
1325 494 1486 551 hauriuntur
1505 493 1669 561 solentibus,
1688 492 1736 550 sed
1752 496 1878 552 aotallor·

240 590 300 647 suis
315 598 388 647 totus
402 600 461 659 est;
484 590 522 647 iia
537 601 566 647 tii
587 600 664 662 quotes
685 590 840 663 imperium,
865 588 1041 656 ilaxioiiane,
1092 602 1153 644 sum
1177 589 1389 661 aspicientibus,
1404 598 1450 645 aut
1470 586 1547 643 letali
1572 603 1661 645 rerum
1682 602 1761 643 curso
1782 598 1879 659 ingente

240 683 354 748 donare,
377 698 430 741 noo
445 694 521 755 pintes
536 699 589 740 ooo
604 682 715 741 babere.
731 682 771 741 [le
785 699 839 756 quo
863 698 914 755 ego
931 698 992 739 cum
1008 682 1042 739 ud
1094 679 1221 738 uidentur
1232 682 1367 739 accidere.
1388 681 1454 739 Tale
1469 689 1522 750 est,
1539 680 1697 751 imperator,
1714 680 1782 753 quod
1802 685 1879 739 oiiiiii·

242 779 271 838 id
286 779 339 837 loci
352 795 454 837 venero
469 779 505 835 ita
521 779 624 845 dicam,
640 788 669 833 ut
690 777 806 833 lortasse
823 776 984 848 quibusdam
1000 776 1042 833 ui·
1092 774 1144 831 biis
1158 773 1238 830 nobis
1252 773 1471 846 iriciuscgcuiitu
1485 774 1663 830 moercotibus
1676 772 1878 843 lacerexoliiisti,

242 869 309 929 dear
331 870 469 940 audacior,
485 869 588 927 ueritas
603 878 693 927 tannen
708 883 777 926 mee
791 883 856 941 erga
874 878 901 927 te
918 868 1043 926 deuotio·
1091 882 1147 924 nou
1166 867 1274 939 quidem
1299 874 1326 923 tn
1342 867 1496 939 reipublicae
1519 866 1700 939 negligencia,
1721 874 1767 923 ant
1793 866 1879 925 laboris

241 966 286 1022 nia
299 970 438 1035 appareat.
1091 961 1165 1035 luga,
1180 973 1226 1019 aut
1238 960 1350 1019 desidlae
1365 960 1512 1033 cupiditate
1526 960 1634 1027 diucius,
1646 960 1693 1017 sed
1704 960 1803 1018 consilii
1812 962 1879 1029 olim,
1949 976 1953 987 ·

276 1055 346 1113 llll.
367 1056 445 1113 lione
467 1056 541 1113 enim
560 1055 685 1127 sequitur
707 1064 748 1125 ut,
774 1055 904 1127 quioniam
927 1054 1042 1112 uirtutes
1091 1067 1175 1114 utres
1187 1064 1239 1126 εει,
1252 1055 1384 1114 intervos
1405 1056 1495 1125 placiti
1519 1054 1670 1113 constantis
1685 1066 1712 1112 et
1730 1055 1823 1127 pietate
1836 1056 1879 1113 lra-

164 1134 172 1145 ’
239 1159 312 1221 tuas,
325 1151 503 1209 Constantine
514 1152 645 1223 anguste,
657 1164 754 1207 socero
766 1150 920 1221 praedicavi,
934 1160 962 1207 tu
972 1166 1042 1224 quo-
1090 1158 1168 1209 terna
1181 1167 1189 1217 3
1203 1164 1328 1223 nequem
1343 1150 1425 1206 totins
1434 1152 1496 1205 iiius
1511 1164 1731 1220 suoimaruiuque
1747 1164 1829 1205 rerum
1841 1164 1879 1205 so·

239 1259 304 1316 que,
318 1242 380 1300 lieet
392 1244 588 1315 optimescias,
605 1251 696 1299 lamen
710 1242 803 1300 audias
815 1244 909 1315 quanti
924 1253 951 1300 te
966 1244 1041 1314 prin·
1090 1244 1161 1300 cium
1175 1258 1283 1315 semper
1296 1241 1448 1308 habuisses,
1466 1242 1492 1298 io
1502 1242 1615 1313 aliiiq'us
1630 1238 1691 1299 laeli
1707 1244 1880 1301 roiomunitate

239 1336 309 1409 cipis
322 1345 402 1394 nutet
413 1336 543 1393 allinitas.
557 1335 605 1393 llic
617 1345 659 1393 est
671 1337 717 1407 qui
731 1352 843 1402 nonieo,
860 1336 933 1408 qood
958 1351 1039 1394 acce·
1090 1334 1243 1402 ducencies,
1255 1351 1289 1392 ne
1299 1334 1341 1391 iel
1355 1336 1436 1403 illius,
1448 1335 1546 1391 villeril
1559 1334 1642 1408 quali,
1652 1344 1726 1392 certe
1740 1351 1810 1391 noue
1820 1336 1880 1395 liudi

238 1429 309 1502 pita
324 1430 381 1487 lieo
405 1431 530 1501 principe
548 1429 657 1503 generis
672 1431 714 1486 sui
728 1472 735 1499 ,
750 1429 824 1486 dedit
839 1430 936 1499 nobis,
952 1430 1040 1500 quise
1090 1432 1211 1490 cederes.
1223 1431 1324 1489 Verum
1340 1432 1418 1503 longe
1428 1430 1533 1488 diuersa
1549 1431 1576 1487 in
1590 1445 1639 1488 ros
1651 1440 1711 1495 erat
1723 1446 1799 1487 eausa
1811 1430 1880 1488 dieli-

238 1522 398 1594 prugeuiem
410 1537 473 1581 esse
483 1522 607 1579 llercnlls
620 1536 673 1579 non
686 1522 888 1579 adulationibus
896 1521 1039 1591 fabulosis,
1090 1524 1171 1581 nandi
1188 1532 1235 1580 out
1253 1524 1403 1580 sustinendi
1424 1523 1536 1581 laboris.
1558 1522 1727 1596 Quamquam
1741 1525 1790 1580 elsi
1810 1532 1879 1581 totam

238 1616 288 1673 aed
302 1615 419 1688 aequatis
432 1614 577 1673 uirtutibus
587 1616 785 1688 comprobarit.
803 1615 853 1672 llic
872 1624 914 1671 est
931 1616 1038 1687 qui,iii
1090 1616 1292 1675 excusacionem
1313 1618 1400 1673 etatis
1420 1616 1543 1685 allennes,
1557 1618 1596 1673 sie
1615 1632 1724 1689 quoque
1738 1616 1781 1673 tibi
1801 1616 1880 1688 reipu-

239 1708 301 1782 lpso
310 1718 374 1767 ortu
387 1710 507 1767 numinis
518 1710 572 1778 sui,
583 1709 687 1768 Gallias
698 1709 819 1783 priorum
832 1721 985 1783 temporum
999 1711 1041 1767 in·
1054 1720 1079 1782 Β
1092 1710 1169 1767 lilieae
1192 1710 1266 1767 curis
1286 1725 1340 1767 uun
1364 1716 1425 1767 erot
1447 1708 1630 1767 abnuendum.
1655 1710 1697 1765 Au
1723 1710 1745 1765 si
1764 1710 1880 1767 unximus

236 1802 317 1875 iuriis
336 1803 476 1872 efferatas,
500 1803 658 1875 reipublice
672 1802 707 1859 ad
728 1802 888 1875 obsequium
908 1802 1038 1874 reddidit,
1092 1804 1205 1875 quisque
1222 1810 1287 1861 natu
1300 1804 1465 1875 guberuator
1481 1812 1523 1860 est
1537 1802 1706 1860 certissimus
1720 1802 1753 1858 ail
1768 1802 1878 1867 salutem,

239 1896 294 1953 sibl
308 1896 384 1967 ipsas
397 1895 432 1952 ad
445 1896 572 1953 salutem.
588 1895 649 1963 llic,
664 1895 736 1967 quod
751 1896 807 1966 jani
829 1894 897 1953 lnlso
911 1894 1040 1951 traditum
1091 1912 1146 1953 non
1162 1897 1185 1953 is
1205 1898 1248 1955 εει
1265 1898 1383 1969 optimus
1397 1895 1442 1962 qui
1462 1912 1513 1953 usu
1536 1896 1716 1968 peritissimus
1731 1896 1878 1967 imperatori

237 1990 273 2048 de
289 1990 409 2064 antiquis
423 1990 633 2063 imperauiribus
652 1990 812 2062 putabatur,
826 1989 949 2047 Romana
965 2000 1040 2046 trans
1090 1998 1137 2046 aut
1151 1998 1178 2048 te
1193 2006 1310 2062 unquam
1324 1988 1494 2047 Constantini
1521 1991 1600 2049 liberi
1620 1991 1707 2047 nostri
1731 2000 1879 2063 nepotesque

237 2083 363 2143 liberium
379 2085 455 2157 signa
467 2086 569 2155 primus
582 2084 705 2143 barbaris
719 2084 845 2157 gentibus
860 2084 959 2141 intulit.
982 2084 1038 2140 llu-
1091 2088 1236 2161 patientur,
1257 2088 1301 2145 uel
1321 2088 1430 2145 eumad
1446 2103 1578 2144 summam
1600 2086 1756 2159 perveneris
1769 2100 1879 2145 seneclu-

169 2165 173 2174 ’
240 2168 286 2251 {ns
300 2193 362 2235 enm
378 2178 464 2237 tratre
482 2192 624 2236 spismae
643 2178 743 2250 seprius
756 2176 973 2250 expeditionibus
987 2176 1038 2233 do·
1090 2193 1144 2240 tem
1157 2182 1314 2256 reipublicae
1330 2182 1387 2239 uelo
1408 2181 1587 2251 cointroliere,
1610 2198 1672 2253 quie
1693 2189 1748 2239 tam
1770 2181 1877 2239 lelieibns

236 2272 303 2331 nnita
325 2272 483 2340 Germania,
500 2280 548 2328 aut
565 2271 628 2329 boui
643 2270 763 2328 eonsiilit
781 2280 810 2327 ut
831 2270 970 2344 quiescat,
992 2282 1040 2330 aut
1089 2276 1176 2332 ventis
1189 2276 1269 2332 eliam
1282 2274 1389 2347 iuuenis
1410 2274 1588 2346 impleveris?
1608 2274 1662 2333 Sed
1680 2284 1768 2332 tannen
1790 2286 1877 2331 utrum-

238 2368 348 2426 lastatur
361 2367 438 2440 quasi
451 2367 538 2423 amica
549 2368 573 2422 si
591 2376 694 2440 pareat.
711 2365 753 2423 Tu
768 2364 952 2424 ferocissimos
964 2367 1039 2424 blau-
1089 2384 1141 2441 qne
1155 2368 1196 2426 los
1210 2368 1291 2426 luerit
1304 2383 1365 2425 eum
1385 2367 1548 2439 principem,
1568 2384 1648 2437 quein
1669 2368 1733 2425 anui
1757 2375 1876 2441 cogerent,

235 2462 342 2519 ritaniae
352 2463 469 2534 populos
483 2459 633 2517 inaccessis
643 2461 778 2517 montium
787 2460 869 2533 iugis,
881 2473 908 2518 ει
921 2461 1037 2518 naturali
1087 2470 1135 2519 ant
1157 2462 1283 2521 ualetudo
1293 2462 1421 2520 deiiceret
1443 2463 1564 2534 receptui
1589 2478 1711 2531 canere,
1728 2472 1754 2519 te
1773 2478 1841 2531 iero,
1855 2464 1875 2519 in

235 2556 386 2615 munitione
411 2556 534 2614 sidentes
557 2556 730 2629 expugnasti,
754 2556 893 2627 recepisti,
915 2564 1036 2614 transiu—
1088 2570 1142 2628 quo
1154 2555 1243 2613 adbuc
1258 2557 1316 2613 istm
1331 2565 1395 2611 sunt
1408 2554 1520 2628 integrae
1534 2555 1686 2629 solideque
1699 2558 1779 2623 uires,
1793 2556 1832 2613 liic
1843 2564 1877 2613 to
1975 2602 1976 2629 3

235 2651 302 2709 listi.
317 2650 356 2707 'le
371 2650 460 2721 primo
475 2650 600 2723 ingressu
615 2658 663 2706 too
678 2659 751 2706 tanta
766 2648 875 2716 latitia,
892 2658 966 2705 tauta
980 2651 1036 2706 lre-
1090 2648 1142 2705 iius
1161 2649 1284 2721 corporis
1303 2649 1389 2721 uigor,
1414 2650 1458 2705 liic
1478 2650 1670 2721 imperatorius
1695 2650 1775 2708 ardor
1795 2650 1874 2707 oculu·

234 2743 346 2816 quentia
368 2742 486 2816 populus
506 2743 635 2815 excepit,
651 2750 682 2799 ut
703 2757 766 2800 cuin
789 2751 816 2800 te
835 2743 869 2800 ad
893 2741 1037 2817 Capitolini
1089 2758 1169 2812 rum,
1194 2742 1367 2799 immaturum
1391 2743 1474 2799 otium
1501 2757 1627 2814 sperasse
1654 2744 1794 2800 iiiirnmur.
1817 2740 1875 2813 Quid
1975 2774 1976 2781 ι

148 2884 153 2889 .
235 2836 312 2897 louis
326 2838 459 2910 gremium
474 2837 518 2895 nel
541 2836 627 2894 oculis
650 2835 722 2894 lerre
736 2837 869 2910 gestiret,
893 2838 1038 2908 stipatione
1088 2835 1159 2893 enini
1174 2834 1248 2891 aliud
1267 2833 1390 2907 participi
1415 2836 1563 2907 majestatis
1585 2844 1638 2893 tiiae
1657 2835 1718 2893 dori
1739 2836 1820 2909 putuit
1839 2850 1875 2890 ie·
1975 2816 1976 2865 Ψ

234 2930 278 2989 sui
291 2930 335 2988 rix
352 2930 386 2986 ad
405 2938 497 3003 portas
521 2930 596 2988 urbis
612 2930 779 2987 admitteret.
795 2929 834 2987 Τε
855 2945 949 2987 rursus
964 2931 1037 2990 uice-
1088 2931 1159 2986 niani
1181 2930 1300 3003 quietis,
1316 2944 1398 3001 quaui
1422 2938 1451 2986 ut
1473 2939 1501 2986 lu
1522 2930 1636 3003 irnperio
1658 2930 1816 2990 succederes
1836 2943 1876 3001 pta
1975 2976 1976 3019 ,

234 3025 307 3082 simo
328 3039 401 3081 anino
415 3024 623 3095 imperatorem,
644 3035 741 3081 octauo
760 3024 899 3081 consulem
922 3024 958 3081 ita
978 3026 1035 3098 ipsa
1088 3023 1216 3079 duobus?

234 3116 363 3189 amplexu
377 3115 494 3188 quodam
509 3131 560 3170 suo
576 3116 661 3172 Roma
676 3115 761 3173 uoluit
772 3115 904 3185 detinere,
917 3130 946 3173 ut
959 3118 1072 3190 uide-c
1123 3116 1159 3173 x.
1175 3117 1228 3174 Sed
1243 3116 1365 3188 prolecto
1380 3117 1469 3189 exegit
1483 3115 1535 3175 lioc
1550 3117 1606 3190 ipsa
1622 3118 1741 3177 varietas
1754 3128 1782 3176 et
1794 3124 1875 3175 natura

233 3218 310 3267 retur
322 3208 450 3279 augurari
461 3209 517 3280 jam
532 3217 561 3265 ει
580 3208 680 3266 timere
700 3208 773 3280 quod
789 3208 889 3266 laetum
912 3220 964 3267 est
984 3211 1035 3268 Est
1083 3208 1208 3277 lortunae,
1219 3212 1262 3267 eui
1276 3210 1343 3266 iiiiiil
1357 3219 1464 3269 mutare
1478 3211 1599 3281 licuerat,
1612 3212 1678 3268 dttlla
1688 3210 1874 3285 uosimperinm

233 3303 318 3373 enini,
335 3302 485 3374 imperator
505 3312 627 3371 eterne,
644 3302 671 3359 in
685 3318 739 3375 quo
754 3318 810 3360 uuo
828 3304 965 3377 querelam
977 3304 1033 3362 rei·
1085 3304 1236 3376 teneretis,
1254 3315 1283 3363 ut
1302 3306 1348 3362 illa
1364 3305 1458 3377 uiginti
1477 3322 1608 3362 annorum
1624 3307 1753 3364 contiuua
1775 3304 1875 3364 lelieitas

233 3394 348 3469 pontice
363 3410 433 3467 pene
448 3394 582 3451 meruisti.
1084 3397 1229 3455 intervallo
1241 3399 1332 3471 aliquo
1343 3397 1623 3471 distinguereturaaiit
1633 3400 1717 3455 etiarn
1731 3398 1766 3456 dii
1780 3398 1875 3455 intiner-

267 3488 315 3546 lx.
331 3489 401 3547 Aodi
415 3489 518 3547 doloris
533 3488 618 3547 nostri
637 3489 750 3548 liberam
769 3504 875 3548 nocem
892 3491 1032 3565 Siquidem
1083 3493 1152 3551 tales
1168 3495 1283 3567 probare
1299 3496 1442 3554 uoluerunt
1456 3496 1505 3553 tibi
1520 3494 1640 3552 innixam
1655 3497 1766 3554 stetisse
1780 3509 1876 3565 rempu-

231 3582 269 3641 dii
279 3581 332 3656 ipsi
345 3581 418 3657 qued
431 3582 589 3657 plerumque
600 3581 735 3641 humanas
746 3597 791 3642 res
806 3584 953 3658 negligant,
967 3584 1033 3643 dum
1084 3586 1196 3657 blicam,
1212 3603 1273 3646 eum
1287 3588 1347 3647 siue
1361 3598 1388 3648 te
1400 3597 1473 3648 stare
1495 3605 1548 3647 noo
1570 3597 1673 3661 posset.
1690 3589 1840 3662 Quanquam
1851 3586 1874 3642 in

898 3720 1082 3784 lnffloulltt
1099 3724 1216 3784 NOTAE.

267 3800 605 3914 eminentissime
619 3838 648 3899 in
663 3854 792 3915 aquarum
803 3854 913 3898 suarum
926 3838 1033 3913 dispen·
1123 3844 1275 3917 stipatione.
1290 3846 1347 3903 lloe
1358 3854 1410 3913 est,
1422 3856 1451 3901 ut
1460 3846 1595 3903 ementire
1606 3856 1693 3917 posset
1707 3847 1775 3905 urbii
1787 3854 1873 3919 portu,
1974 3808 1975 3853 ξ

229 3914 336 3972 satione
345 3915 450 3987 integer
460 3921 561 3970 manet.
1086 3924 1156 3973 tento
1171 3927 1195 3972 ιε
1208 3918 1302 3991 populi
1316 3918 1455 3974 multitudo
1465 3920 1587 3990 siipubut.

269 3985 334 4043 vm·
350 3983 485 4057 ΛΜΨ·
497 3986 526 4043 Μ
539 3993 591 4055 ⁰⁸¹⁹
603 3985 877 4057 Wib¹¹⁸⁹⁵f¹⁸¹¹⁵b¹¹⁸·
1122 4008 1158 4066 Te
1177 4026 1267 4067 rursus
1289 4011 1407 4067 uicesimo
1433 4028 1512 4066 uuiio.
1537 4008 1719 4068 blaximianus
1745 4010 1873 4081 imperium

265 4056 564 4142 ¹”fl'⁸⁰⁰““.’⁸¹‘”⁸5'¹⁸'⁸.
578 4060 631 4141 ’,ιιι
648 4057 926 4144 ὃίωΡῙΜΜῙΨῙιΡΜ
939 4056 1031 4114 ems
1084 4095 1146 4138 cuin
1167 4082 1334 4140 Diocletiane
1349 4083 1484 4139 abdicauit
1505 4097 1576 4139 anno
1597 4081 1661 4137 Clir.
1682 4080 1738 4139 ὅθι
1760 4084 1802 4155 qni
1823 4088 1873 4137 erat

230 4129 318 4187 lactus
331 4139 373 4187 εει
384 4128 484 4187 Gallias
504 4128 596 4185 &riui
611 4130 726 4185 Caesaris
744 4131 930 4185 uexationibus
942 4144 974 4184 ae
988 4127 1029 4185 le·
1084 4154 1144 4225 ejus
1166 4156 1272 4226 imperii
1290 4168 1378 4214 annu,
1393 4170 1479 4210 „onus
1493 4163 1555 4227 ΡΜ,
1569 4152 1721 4221 decimum,
1737 4166 1808 4212 cene
1820 4150 1872 4223 quq,

228 4201 303 4257 xoeia
316 4202 509 4270 exacerbares,
529 4208 559 4257 et
575 4200 753 4259 rebellionem
772 4200 937 4257 meditantes
954 4215 1031 4257 coni·
1084 4225 1146 4282 dem
1166 4226 1188 4281 sp
1213 4226 1248 4284 ab
1263 4242 1312 4296 eo,
1335 4242 1389 4300 quo
1403 4228 1495 4283 cm„
1508 4227 1597 4283 laetus
1611 4235 1663 4294 ,δι’
1686 4242 1758 4283 ,ΗΜ
1772 4238 1872 4297 eom,

250 4272 340 4329 nessii.

228 4286 342 4473 ²3:¹3?
348 4342 608 4473 &naim-Tamo
623 4343 695 4470 w
709 4341 745 4400 ιθ
758 4343 898 4470 ’θῐῑθήῖξῧ
910 4344 1030 4416 imilla·
1084 4306 1256 4457 taiffrffl
1273 4370 1370 4427 doloris
1391 4370 1488 4454 nostri.¹
1500 4369 1598 4453 Plenus
1619 4368 1728 4454 artiulicii
1751 4371 1835 4437 luciis,
1848 4366 1871 4422 in

466 4456 476 4483 ⁹
605 4456 612 4474 ·
678 4430 847 4486 ¹³¹¹⁰fe⁰f⁰
885 4426 937 4481 ³¹¹¹·
954 4429 1030 4471 'nm
1084 4441 1733 4513 qnoleuitatisnolamnllaxtiniaiioaimolrtor.

1023 4487 1044 4499 Ιι

228 4500 277 4543 ⁰⁰⁸
299 4486 422 4544 ΜΝ*
447 4488 516 4543 ”¹¹¹²
541 4486 666 4542 Rhenum
701 4486 825 4543 imm
844 4505 852 4541 ²
873 4487 1031 4543 ”mmm
1121 4510 1238 4579 lneliiao,
1254 4513 1370 4582 honest,
1385 4514 1474 4569 intima
1492 4515 1518 4567 in
1533 4514 1808 4584 pectoreqemenitbui'.

228 4558 472 4687 ffi‘ss'gsssbu'ae
494 4558 554 4640 ¹⁰⁰9
572 4564 651 4623 “²⁸⁹
669 4556 737 4641 ΜΨ
757 4558 823 4613 [Μ
838 4558 929 4641 {imm
943 4559 1071 4641 '.i⁸¹¹¹¹¹D
1120 4584 1218 4668 Utres
1240 4596 1286 4641 cst.
1306 4584 1382 4642 Hane
1396 4584 1523 4668 loquendi
1545 4585 1686 4640 lorutnlsim
1703 4585 1783 4657 liujus
1795 4581 1871 4640 utatis

364 4646 418 4703 que
433 4629 609 4702 temporibus,
625 4629 713 4686 donee
724 4629 771 4685 ille
786 4642 907 4686 omnium
922 4645 1027 4703 primus
1077 4670 1283 4729 pmpmmesse
1297 4672 1378 4728 sup„
1394 4666 1557 4713 notamus,

227 4698 600 4768 liaeclortitndinisexempla
615 4700 785 4757 instauravit.
1227 4750 1262 4763 ,,
1409 4751 1445 4763 ,,
1538 4750 1545 4763 ,
1839 4742 1871 4761 ,.
1973 4740 1974 4751 ,

265 4770 433 4899 ggmlmm
451 4773 627 4830 Diocletiano·
1115 4747 1158 4805 Ne
1172 4750 1210 4805 oct
1223 4751 1302 4808 illius.
1320 4748 1391 4806 Neue
1405 4748 1641 4807 illinanrilal.-
1655 4750 1683 4806 td
1699 4761 1752 4817 εει,
1767 4747 1871 4807 neuuilit
1973 4816 1974 4831 ἵ

261 4843 313 4898 dut
348 4846 395 4930 'orii'
417 4845 537 4901 columis.
560 4843 672 4929 ilirilieo
699 4843 814 4901 Pacatus
833 4844 934 4901 amavit
955 4844 1026 4901 liunc
1077 4823 1185 4949 ¹:”[²'''⁰'
1199 4838 1360 4893 “mim
1381 4824 1486 4893 imm
1501 4822 1560 4877 Μ
1575 4822 1668 4897 Μ·
1688 4824 1869 4896 Μ”ΜῙΜ
1973 4872 1974 4881 ¹

227 4930 434 5000 panegyricum,
450 4932 485 4973 ex
500 4931 555 4987 quo
566 4931 623 4987 pani
637 4931 721 4973 unum
741 4926 788 4973 aut
806 4919 922 4974 alterum
936 4916 1025 4973 locum
1078 4894 1218 5020 afflm'·
1425 4966 1431 4981 ,
1526 4982 1532 4995 ,
1621 4966 1627 4980 ,
1742 4966 1749 4979 ,

227 5001 296 5058 pene
308 4988 461 5059 exscripsit,
476 5003 504 5043 n.
518 4989 555 5042 22
571 5006 578 5042 ε
593 4987 766 5059 Qnueninque
778 4992 848 5043 natio
858 4988 1027 5044 autunum
1132 4983 1148 5020 '¹
1163 4982 1216 5021 ”⁰⁸¹
1230 4963 1304 5022 hm*
1316 4980 1373 5050 ”⁰⁸3
1384 4966 1502 5033 3⁰¹d³¹u
1516 4964 1558 5021 ⁸⁰¹
1572 4964 1651 5048 Μ’)
1665 4964 1790 5050 L³¹¹⁸¹!'⁵·

224 5057 332 5143 nn,
348 5060 459 5145 sipi.
821 5060 891 5144 ou
905 5060 966 5144 n,
980 5068 1026 5145 u
1077 5036 1867 5181 ,ιιιιιιιειιιιιιιιιιιιιιιιι

224 5129 412 5259 mioctfflu
431 5142 459 5186 m
481 5140 607 5202 ‘mm’
627 5139 672 5185 m
694 5129 881 5203 hlamma
899 5147 984 5187 mm
1002 5146 1026 5186 a
1113 5198 1276 5258 Cotislnntini
1296 5150 1609 5258 luminosissimus
1630 5200 1868 5273 Rlieiiaiinlegoel

259 5273 311 5330 Aut
328 5273 397 5331 boni.
420 5274 477 5331 lluc
489 5283 548 5345 est,
564 5272 660 5345 purtim
677 5272 703 5328 id
724 5274 895 5344 aequuaniiiio
909 5278 976 5347 sert,
997 5284 1024 5329 ut
1078 5273 1204 5335 Dataleis,
1228 5288 1277 5345 pro
1299 5272 1460 5331 Constantini
1475 5275 1548 5330 liberi
1561 5273 1660 5342 riustri,
1677 5283 1705 5331 ut
1719 5283 1761 5331 εει
1780 5272 1805 5330 iii
1820 5270 1867 5328 Pu·
1972 5327 1973 5365 3

224 5362 314 5416 msera
328 5346 433 5413 iubeat,
449 5346 543 5418 purum
556 5344 667 5418 ριειιι.
686 5360 745 5417 qaia
756 5346 835 5403 nubis
849 5346 964 5421 abjuro
975 5354 1024 5412 est,
1078 5352 1156 5401 tenna
1171 5344 1305 5401 editione.

223 5420 298 5490 ‘llum¹
310 5420 501 5492 mmmm
515 5418 591 5489 W·
1116 5438 1186 5505 Quia
1201 5439 1268 5493 cuim
1279 5436 1360 5495 uliud.
1377 5438 1479 5497 Sensus
1494 5447 1550 5495 est:
1565 5438 1634 5508 Quid
1648 5438 1720 5495 cirini
1735 5436 1802 5494 uliiril
1814 5436 1865 5502 tnii,

258 5508 378 5584 Popillius
401 5511 509 5583 occepit.
531 5507 629 5582 Tangit
652 5507 817 5579 triumpliuiu
838 5523 918 5577 quem
937 5508 1023 5565 blaxi-
1077 5509 1255 5637 quamobrem
1269 5510 1556 5582 Diocletianoiiiiperii
1572 5514 1609 5567 ini
1623 5516 1697 5567 socio
1711 5508 1866 5565 ueniundu-

224 5582 331 5639 mianits
344 5598 406 5641 cnm
420 5582 588 5639 llioeletianu
600 5580 655 5653 egit
669 5596 715 5635 aii.
736 5579 801 5636 Clir.
816 5580 882 5650 298,
908 5580 1021 5636 llumam
1096 5581 1213 5646 erimus,
1232 5580 1304 5653 quod
1317 5582 1437 5664 quietem
1453 5582 1637 5653 imperatoriis
1652 5582 1785 5638 laboribus
1804 5595 1863 5649 prie-

273 5662 285 5708 t
302 5654 439 5725 subiectus
462 5654 570 5709 llnuros
588 5666 725 5710 reuersus.
739 5651 865 5710 Victores
884 5661 975 5709 autem
993 5652 1020 5711 iii
1077 5653 1209 5723 posuerit,
1225 5652 1518 5725 ntslouiasloetieeii,
1533 5662 1604 5711 ullu
1620 5670 1668 5728 pro
1678 5652 1780 5711 duobos
1792 5653 1865 5722 impu

260 5724 382 5798 pitulium
393 5725 604 5784 deducebantur.
1077 5726 1147 5782 rium
1162 5724 1379 5783 adiiiinistrores.
