3975 6292
167 35 214 94 lu.
235 38 366 109 Quocirca
380 60 441 103 cum
461 65 556 108 unlnes
576 52 789 117 Occidentalitun
813 67 929 135 partium

131 129 251 202 episcopi
269 133 420 194 Ariminum
442 146 718 223 convenissentque
737 153 798 211 illos
812 156 929 213 Ariano-

130 238 191 279 runt
206 225 364 298 improbitas
378 247 574 296 convocaverat
586 257 619 298 co
631 245 757 308 consilio.
773 257 802 304 ut
811 260 857 304 :tut
868 267 930 322 per·

129 317 257 376 suasione
270 321 378 394 aliqua,
392 336 449 392 aut,
464 330 536 400 quud
554 334 646 391 verius
657 347 714 401 est.
730 340 868 399 secularis
883 359 930 412 pu-

131 413 500 491 tentiaeuucttuiutettueti‚
518 423 544 481 id
564 429 635 498 quod
658 430 684 484 iu
703 431 756 488 ilde
775 436 931 493 centurius

128 508 246 578 positum
260 507 348 568 ittetai
362 514 500 586 tollerent,
512 528 560 575 aut
573 522 682 594 oblique
701 540 847 598 negarent,
864 531 930 587 uiltil

129 602 243 672 proiecit
264 603 371 662 illorutu
395 615 521 668 versutia.
543 615 649 672 Etenim
671 635 767 677 omues
785 639 930 694 propemo-

128 692 193 748 dum
210 694 238 763 ii,
255 696 301 768 qui
316 699 387 768 apud
409 699 561 762 Ariminum
581 709 699 777 collecti,
719 714 817 783 purim
838 716 930 774 illece-

129 784 197 855 bris,
213 790 310 860 partim
333 792 396 848 dolu
411 804 476 854 tuuc
489 800 595 872 decepti
615 805 730 874 luerunt,
750 825 822 866 nunc
835 811 868 868 ad
884 829 927 870 sa·

130 895 193 935 num
208 891 327 939 mentem
342 891 455 955 reuersi,
472 893 614 952 lurtuulsm
632 899 668 956 ab
686 902 843 961 ariminensi
862 921 929 963 eou-

128 972 193 1029 cilio
218 974 320 1032 editam
346 983 520 1042 anathemate
541 986 714 1058 damnarunt.
738 1004 766 1050 et
788 997 930 1058 eatbolieae

128 1065 191 1122 ltdei
218 1069 289 1140 apud
313 1070 430 1130 Nicaeum
455 1081 630 1153 prouutlgatte
651 1086 879 1156 subscripserunt.
902 1103 930 1150 et

126 1165 318 1220 eotumtrnioue
339 1167 478 1226 uobiscum
495 1172 569 1238 inita,
585 1177 718 1235 atlsersus
740 1181 834 1239 Arium
855 1187 928 1255 ejus·
944 1186 966 1247 B

127 1269 181 1322 que
202 1254 349 1328 discipulos
368 1263 485 1330 pruritui
510 1267 692 1338 indignatione
711 1288 927 1336 curnumreuiur.

126 1346 211 1418 liujus
224 1349 264 1405 rei
279 1367 466 1424 urgntuuutum
479 1374 541 1416 eum
555 1363 606 1432 ipsi
619 1365 759 1424 cltaritatis
776 1383 874 1427 nestra·
891 1373 929 1430 le·

128 1443 183 1515 pati
205 1444 337 1516 riderent,
359 1463 410 1504 rus
432 1452 504 1522 ipset
528 1455 554 1512 iu
573 1457 774 1530 subscriptione
797 1480 844 1518 suu
863 1483 930 1523 eort-

125 1533 283 1608 pinxerunt,
300 1541 474 1601 anathemate
485 1545 647 1606 damnantes
659 1553 765 1624 Arium,
780 1572 885 1615 uecuou
897 1575 929 1616 ea

128 1646 188 1701 quus
195 1633 310 1693 Arimini
322 1645 415 1693 eontra
427 1639 507 1696 lltlem
516 1641 613 1699 illisu·
623 1645 757 1704 llrmatam
768 1661 844 1721 gesta
855 1667 928 1726 sunt;

128 1724 229 1795 quibus
248 1736 277 1784 et
290 1744 339 1785 ros
354 1729 482 1802 perjuriis
501 1733 528 1790 in
546 1737 585 1809 (l)
604 1735 727 1796 fraudem
746 1743 848 1802 inducti
867 1750 932 1804 sub-

127 1820 287 1891 scripsistis.

164 1914 209 1972 lv.
223 1917 405 1987 Quamobrem
413 1939 563 1999 congruum
572 1931 653 1987 nubis
665 1935 753 1991 risum
762 1945 813 2000 est,
826 1938 931 1997 litteras

129 2008 162 2063 ad
171 2010 329 2070 cltarituetn
341 2026 457 2074 uestram
467 2021 711 2097 scribereetjtuu
723 2032 876 2099 petentibus
890 2032 931 2103 (Ξ)

130 2102 275 2161 subvenire
289 2125 296 2162 ι
312 2113 461 2178 prasertim
477 2129 539 2172 curn
551 2134 583 2172 ex
598 2120 768 2188 professione
780 2125 930 2194 legatorum

130 2211 283 2261 vestrorunt
298 2211 515 2277 cognoverimus.
529 2212 683 2272 orientales
696 2219 730 2273 ad
746 2236 838 2276 sanam
853 2239 929 2281 meu·

129 2302 184 2351 tem
198 2313 323 2355 reversus
333 2316 395 2357 eum
409 2307 569 2362 ortltodtutis
583 2307 801 2370 (incidentalibus
814 2331 931 2374 etutsen·

101 2448 105 2453 ,
128 2388 190 2447 tire.
207 2392 398 2465 significaturus
418 2409 509 2454 auteur
526 2402 615 2470 tobis,
630 2423 664 2462 ue
680 2408 742 2464 suis
755 2412 858 2478 nescii,
874 2415 928 2469 ari·

129 2483 259 2542 minensis
280 2489 387 2545 consilii
410 2491 592 2562 blasphemias
613 2501 647 2554 sb
666 2501 709 2564 iis.
731 2504 777 2574 qui
799 2518 861 2562 tuuc
882 2523 930 2578 per

127 2574 250 2633 irettdem
263 2579 370 2653 decepti
393 2582 478 2640 luisse
498 2589 548 2642 visi
570 2601 643 2650 sunt.
665 2607 737 2650 mmc
755 2579 964 2656 auatltetuateC

126 2673 267 2742 perculsas
278 2688 350 2739 esse,
366 2686 394 2731 et
408 2679 549 2737 universos
559 2688 779 2756 conspirantibus
792 2694 889 2748 animis
901 2711 929 2751 ur

128 2763 259 2820 nicomatu
280 2765 360 2824 bdem
383 2775 565 2831 conseruisse.
582 2777 636 2834 Sed
652 2791 679 2836 et
693 2797 741 2837 rus
757 2782 782 2837 id
804 2785 929 2843 omuilrus

127 2856 248 2916 iudicare
259 2859 375 2932 debetis,
392 2876 420 2919 ut
434 2869 480 2938 qui
495 2884 543 2938 per
558 2872 611 2926 tim
631 2887 664 2928 ac
684 2873 805 2932 lraudem
819 2877 928 2949 aliquod

127 2951 190 3009 ddei
214 2968 271 3010 suae
288 2956 481 3014 detrimentum
502 2964 573 3033 pessi
588 2975 661 3031 suut,
679 2983 749 3024 nuuc
771 2969 879 3026 taudem
893 2987 927 3028 ex

126 3044 254 3104 barenes
265 3049 381 3122 mligiue
393 3053 427 3108 ed
441 3056 560 3111 tliriuaut
574 3060 715 3115 catltulic‘e
738 3061 872 3121 tibertus
888 3068 930 3121 lu-

125 3151 185 3194 ceru
199 3140 308 3198 valeant
321 3159 473 3214 emergere.
487 3148 538 3215 Qui
551 3150 660 3220 uuitlem
678 3153 701 3208 si
716 3163 777 3224 post
792 3155 844 3214 boc
860 3172 927 3214 etru-

126 3233 218 3290 eilittm
233 3251 370 3307 perverse
389 3241 520 3298 tloctrituc
540 3244 615 3301 virus
635 3262 772 3316 evomere,
789 3262 817 3308 ct
832 3269 929 3312 omues

124 3325 380 3401 subrupturum
395 3335 525 3407 rejicere.
540 3355 642 3412 easque
660 3345 834 3402 auatlretuate
852 3348 929 3404 datu·

126 3439 191 3480 nare
206 3425 354 3491 noluerint.
375 3430 460 3486 stiam
479 3447 510 3488 se
529 3435 631 3504 puriter
648 3453 710 3494 cum
729 3439 796 3496 Ario
814 3442 927 3514 ejtrsuue

125 3514 276 3586 discipulis,
294 3529 324 3577 et
346 3521 457 3596 reliquis
479 3529 661 3598 serpentibus.
685 3537 742 3589 site
766 3534 927 3594 Satelliauis

126 3625 175 3666 seu
188 3611 404 3684 Patropassisnis
417 3628 464 3675 stit
476 3620 643 3692 quibuslibet
654 3627 715 3682 aliis
728 3631 863 3688 bureticis
878 3649 923 3689 rx·

126 3714 235 3764 truuetts
246 3722 309 3767 esse
320 3721 347 3767 et
360 3711 490 3772 alienosa
504 3721 696 3778 communione
708 3721 850 3796 Ecclesia,
864 3746 925 3802 quau

1052 1 1135 58 ρειου
1150 5 1231 40 κενο
1250 9 1289 50 ιας
1301 2 1454 70 sumptim
1467 19 1509 53 και
1523 1 1705 82 ἀποτρέπεται.

1018 73 1045 129 5.
1059 87 1200 156 Τοιγαροῦν
1213 85 1315 140 πάντων
1330 93 1380 142 τῶν
1397 92 1463 146 κατὰ
1477 99 1522 154 την
1535 93 1607 154 δύσιν
1621 101 1779 178 ἐπισκόπων,

981 176 1031 226 τῶν
1044 174 1080 235 tlt
1090 180 1135 234 τόν
1146 173 1267 254 ’Δρίμινον
1280 179 1376 252 (όιρίε.
1397 182 1480 242 vales.
1492 191 1522 245 τό
1537 189 1678 270 Ἀρίμινον)
1694 204 1783 259 συνελ-

981 263 1083 324 θόντων,
1098 265 1174 325 ὁπότε
1188 273 1297 336 τούτους
1310 277 1325 334 ἡ
1337 280 1473 338 κακοήθεια
1492 291 1542 340 τῶν
1555 285 1690 365 Ἀρειοινῶν
1703 316 1779 352 συνε-

981 359 1113 435 κρότησεν,
1132 357 1201 426 ὅπως
1215 363 1230 426 ἦ
1245 363 1286 422 διὰ
1301 371 1404 434 πειθοῦς
1417 374 1495 439 τινός,
1517 376 1533 437 ἦ
1554 381 1596 438 ἶνα
1612 383 1780 464 ἀληθέστερον

982 448 1055 520 ι’ίπω,
1083 465 1206 527 κοσμικῆς
1230 455 1392 528 δυναστείας,
1417 470 1485 522 τοῦθ’
1509 465 1571 549 ὅπερ
1587 475 1781 550 ἀσφαλέστατον

982 539 1011 602 ἦν
1025 545 1049 600 ίν
1063 554 1095 623 τῇ
1108 551 1195 606 πίστει
1207 554 1318 625 κείμενον
1331 556 1446 624 ἀνέλοιεν,
1459 559 1474 620 ἦ
1485 561 1597 636 πλαγίως
1610 569 1780 646 ἀρνήσονται,

982 635 1053 694 οὐδὲν
1076 642 1176 698 τούτων
1198 646 1323 719 ὠγελησεν
1347 651 1362 709 ό
1385 660 1537 728 πανουργία.
1554 662 1601 714 uati
1613 663 1661 738 peip
1684 666 1782 740 σχεδόν

981 731 1076 797 πάντες
1089 735 1178 792 ίκιῖνοι
1192 738 1218 792 ίν
1232 747 1264 815 τῇ
1276 738 1394 818 Ἀριμίνῳ
1414 747 1553 820 γενόμενοι,
1572 758 1616 809 καί
1634 754 1781 816 δελεασθίν-

981 843 1034 888 τις,
1050 823 1066 884 ri
1080 825 1243 900 ὑπαχθέντες
1255 829 1324 896 τότε,
1340 840 1383 889 νῦν
1397 837 1626 916 ἀναφρονόσαντες,
1642 852 1684 906 καί
1694 852 1783 908 &pedr-

981 921 1140 989 periurasset
1163 927 1208 984 τόν
1228 923 1324 982 ἔκθεσιν
1347 938 1398 986 τῶν
1417 934 1442 988 ἑν
1458 930 1575 1012 ’Δριμίνῳ
1591 943 1780 1015 συνελθόντων,

980 1015 1024 1067 καί
1037 1014 1237 1092 ὑπογράψαντες
1249 1029 1281 1098 τῇ
1295 1025 1413 1102 καθολικῇ
1426 1033 1469 1084 καί
1480 1031 1636 1114 ἀποστολικῇ
1650 1041 1738 1098 πίστει
1750 1050 1783 1120 τῇ

980 1108 1047 1162 κατὰ
1058 1111 1160 1166 Νίκαιαν
1172 1112 1350 1193 θεσπισθείσῃ.
1374 1117 1397 1174 οἳ
1412 1125 1455 1176 καί
1481 1126 1541 1196 ἡμῖν
1561 1136 1781 1204 κοινωνήσαντες,

978 1201 1146 1280 ίκθυμότιρον
1163 1208 1232 1262 κατὰ
1256 1215 1303 1265 τοῦ
1321 1208 1416 1288 ’Δρείου
1436 1213 1564 1290 δόγματος
1581 1227 1623 1278 καί
1645 1229 1710 1283 κατὰ
1731 1235 1782 1285 τῶν

981 1297 1060 1353 αὐτοῦ
1073 1301 1192 1370 μαθητῶν
1204 1303 1410 1372 χαλεπαίνουσιν
1434 1307 1471 1365 Oti
1491 1335 1559 1376 τινος
1572 1318 1724 1393 πράγματος
1738 1324 1782 1378 τόν

980 1391 1092 1469 ἔλεγχον
1111 1401 1153 1454 ναί
1173 1401 1246 1456 αὐτοί
1271 1401 1295 1458 oi
1319 1405 1442 1480 πρεσθεῖς
1465 1416 1511 1470 τῆς
1536 1411 1662 1485 ὑμετέρας
1683 1416 1783 1488 οίγόιπης

981 1487 1134 1562 ίπιγνόντες,
1151 1491 1220 1565 ὑμᾶς
1236 1495 1370 1574 αὐτοόςτῇ
1384 1500 1461 1577 οἰκείᾳ
1471 1501 1607 1581 ὑπογραφῇ
1618 1509 1781 1575 συνίζευξαν·

981 1585 1025 1638 καί
1049 1585 1277 1658 όιναθεματίζοντες
1298 1587 1396 1668 ’Δρειον
1421 1598 1509 1652 καὶτὰ
1522 1598 1547 1652 ἓν
1561 1596 1678 1676 Ἀριμίνῳ
1690 1623 1783 1680 πραχ-

982 1675 1059 1734 θόντα
1072 1681 1139 1736 κατὰ
1151 1689 1198 1742 τῆς
1211 1684 1324 1745 πίστεως
1337 1694 1383 1748 τῆς
1398 1688 1423 1741 ίν
1436 1691 1527 1765 Νικαίᾳ
1538 1693 1728 1757 θεσπισθείσης.
1746 1692 1784 1759 οἷς

983 1774 1028 1825 καί
1041 1771 1114 1844 ὑμεῖς
1129 1775 1203 1832 αὐτοί
1229 1773 1404 1842 διλιασθίντες
1424 1779 1459 1838 δι’
1480 1782 1644 1859 ὁρκωμοσιῶν
1667 1788 1784 1865 όπιγρόι-

982 1862 1061 1936 dure.

1018 1957 1045 2012 l.
1059 1955 1132 2016 Ὀθιν
1144 1962 1278 2020 ἀκόλουθον
1287 1967 1346 2039 όμῑν
1361 1969 1447 2042 ε’φόινιι.
1466 1972 1567 2050 γράψαι
1580 1975 1646 2057 πρός
1658 1983 1705 2039 τήν
1720 1979 1784 2052 tius-

981 2051 1059 2128 τόραυ
1076 2054 1189 2127 ἀγάπην.
1217 2060 1260 2113 καί
1283 2059 1408 2131 βοηθῆσαι
1425 2072 1479 2126 τοῖς
1503 2064 1588 2123 δίκαιοι
1611 2071 1781 2144 αἰτουμένοις·

981 2146 1095 2219 μάλιστα
1109 2147 1147 2212 ei,
1163 2147 1204 2206 ότε
1215 2150 1257 2208 διό
1275 2162 1321 2214 τῆς
1334 2153 1469 2232 ὁμολογίαι
1482 2167 1532 2214 τῶν
1553 2161 1682 2240 υμετίρων
1701 2186 1783 2245 πρισ-

982 2239 1055 2296 όιιῶν
1069 2243 1294 2318 &supposuerimus
1305 2251 1366 2312 τοὺς
1381 2251 1543 2316 ἀνατολικοός
1561 2265 1704 2331 συμφωνεῖν
1718 2279 1783 2336 προς

980 2334 1043 2396 τοὺς
1057 2333 1208 2410 όρθοδόξοιις
1222 2346 1272 2394 τῶν
1287 2337 1395 2396 δυτικῶν
1409 2343 1551 2418 ἐπίγνωμιν
1585 2350 1629 2403 καί
1650 2347 1782 2424 δηλοῦμεν.

981 2422 1052 2489 ὅπως
1064 2427 1156 2486 ιίδίνοιι
1170 2429 1268 2502 ίχοιτι,
1290 2435 1336 2496 τὰς
1360 2437 1385 2490 ia
1408 2446 1440 2510 τῇ
1450 2436 1568 2515 ’Δριμίνῳ
1594 2442 1780 2518 βλασφημίας,

980 2524 1023 2577 καί
1037 2523 1088 2578 ὑπό
1099 2531 1149 2579 τῶν
1163 2522 1326 2592 δοξασόιντων
1347 2529 1406 2588 τότε
1426 2535 1492 2589 κατὰ
1507 2543 1675 2612 ουναρπαγδν
1693 2561 1781 2618 παρα·

982 2615 1130 2689 tabefiat,
1146 2626 1189 2675 νῦν
1203 2622 1467 2696 ἀναθεματισθείσας,
1483 2631 1527 2682 καί
1541 2630 1637 2692 πάντας
1650 2633 1714 2708 πρός
1735 2639 1782 2695 τόν

979 2712 1047 2768 κατὰ
1066 2715 1171 2771 Νίκαιαν
1192 2718 1279 2773 πίστιν
1290 2723 1522 2790 συμπεπνευκέναι.
1537 2727 1583 2780 ltrti
1596 2730 1651 2802 χρὴ
1664 2724 1697 2782 δι’
1710 2728 1783 2801 όμῶν

980 2810 1058 2863 τοῦτο
1069 2812 1134 2866 πᾶσι
1146 2813 1299 2884 γνωσθῆναι,
1315 2810 1385 2878 όπως
1406 2813 1532 2874 δυνηθεῖεν
1545 2821 1588 2873 καί
1602 2817 1625 2874 oi
1643 2821 1699 2878 κατ’
1718 2823 1782 2883 ἐπή-

979 2920 1051 2978 ρειαν
1063 2904 1291 2980 παραθλαγθίντις,
1303 2905 1350 2968 ἤδη
1361 2912 1423 2966 ποτί
1434 2912 1461 2965 ίκ
1472 2919 1517 2967 τοῦ
1532 2913 1659 2990 alpertus
1675 2916 1784 2982 σκότους

979 2996 1045 3069 πρός
1065 2995 1094 3052 τό
1112 2997 1176 3052 θεῖον
1187 3006 1239 3072 φῶς
1252 3008 1299 3060 τῆς
1311 3001 1440 3064 καθολικῇς
1464 3003 1604 3080 ίλιυθιρίας
1621 3009 1781 3082 ἀνακάμψαι·

982 3086 1007 3142 oi
1018 3109 1085 3152 τινες
1098 3092 1161 3163 patrui
1175 3094 1270 3153 ταύτην
1279 3098 1325 3154 τόν
1336 3093 1442 3151 σύνοδον
1460 3099 1483 3153 ri
1501 3104 1536 3169 μή
1550 3099 1679 3159 θελήσειαν
1694 3103 1782 3160 ἀποπ·

980 3181 1062 3236 τόσαι
1069 3183 1110 3238 τόν
1123 3191 1169 3245 τῆς
1183 3182 1330 3252 κακοδοξίας
1343 3187 1389 3250 ίόν,
1402 3191 1443 3244 ναί
1453 3191 1499 3250 τὰς
1510 3191 1673 3266 βλασφημίας
1684 3191 1781 3270 Ἀρείου

981 3273 1070 3334 πάσας
1096 3275 1200 3342 ἀνελεῖν,
1212 3273 1312 3340 ταότας
1328 3300 1355 3335 τε
1370 3280 1562 3354 ἀναθεματίσαι.
1585 3286 1780 3358 γινωσκέτωσαν

980 3367 1091 3430 ίαυτοός
1102 3371 1168 3442 μιτοί
1191 3377 1237 3428 τοῦ
1259 3369 1355 3452 'Aptius
1367 3378 1408 3430 καί
1421 3382 1472 3432 τῶν
1483 3379 1578 3434 τούτου
1593 3381 1721 3450 μαθητῶν.
1737 3383 1782 3437 καί

980 3467 1031 3515 τῶν
1041 3461 1134 3518 λοιπῶν
1147 3459 1237 3536 όγιων,
1250 3465 1306 3527 ἤτοι
1318 3467 1494 3526 Σαθιλλιανῶν.
1505 3469 1521 3532 ἦ
1532 3480 1779 3542 Πατροπασσιανῶν,

978 3549 995 3614 ό
1021 3553 1176 3616 οἱανδήποτε
1202 3553 1282 3620 ἄλλης
1304 3559 1427 3637 αίρίσιως
1452 3561 1607 3626 ἐκσπόνδους
1637 3559 1700 3622 εἶναι
1737 3570 1780 3626 καί

977 3647 1163 3712 ἄκοινωνήτους
1174 3659 1225 3708 τῶν
1238 3651 1596 3723 ἐκκλησιαστικῶνσυνόιξεων,
1612 3661 1668 3721 ἥτις
1678 3663 1739 3722 τοὺς
1750 3663 1779 3718 ἐκ

976 3747 1098 3816 μοιχείας
1119 3747 1191 3810 υίοὺς
1206 3750 1236 3804 οὐ
1249 3753 1393 3825 προσίεται.
1408 3741 1440 3808 Ι0
1454 3755 1518 3817 θεός
1532 3755 1600 3829 ὑμᾶς
1622 3757 1780 3832 όῤῥωμίνους

124 3798 291 3858 adulterinos
303 3803 373 3860 lilios
388 3823 448 3886 nou,
462 3809 587 3869 udtuittit.
611 3813 683 3872 oeus
705 3832 753 3875 ros
774 3819 925 3882 incolumes
937 3809 966 3873 D
977 3833 1134 3913 dtupuidiat,
1148 3839 1250 3916 ἀδελφοὶ
1264 3845 1403 3920 ἀγαπητοὶ.

124 3893 270 3964 custodial,
284 3894 381 3955 iratres
393 3899 556 3961 charissimi.

126 4062 161 4119 ad
177 4064 198 4119 si
219 4065 380 4124 nillcandam
394 4072 573 4133 substantiam
588 4076 635 4134 diu
649 4082 834 4148 perseveravit
848 4099 924 4155 usus,

126 4149 201 4191 netu
214 4153 222 4188 ι
240 4153 273 4192 eu
287 4139 388 4196 uictus
403 4145 523 4218 synodus
534 4150 656 4206 recussit.

165 4205 205 4280 (l)
224 4206 259 4266 Ut
281 4211 388 4279 ipsimet
400 4231 493 4271 eorutu
509 4219 588 4292 legati
604 4223 737 4293 superiori
761 4242 788 4281 u.
804 4228 829 4292 l,
846 4229 873 4283 in
889 4227 924 4284 ll-

125 4278 198 4335 bellu
212 4296 260 4335 sett
272 4285 385 4354 epistula
398 4295 540 4346 testantur.

162 4350 203 4422 (δι
215 4351 507 4427 littltsuutuusuuniltu
515 4365 625 4433 sitin-*tu
636 4365 740 4432 petitio,
749 4370 921 4426 reculertdutn

125 4438 254 4493 quorsum
267 4425 418 4486 Oruntulus
432 4432 543 4490 llotuam
554 4437 688 4500 tuisetiut.
700 4441 816 4507 introire
827 4461 860 4498 eu
875 4459 920 4499 re·

127 4495 226 4550 nerinl.
243 4497 276 4551 El
290 4499 350 4557 ideo
364 4503 482 4572 tptidetu,
497 4505 608 4563 Socrate
622 4523 650 4566 et
663 4512 815 4568 saonem
827 4529 921 4571 artolo-

126 4566 213 4634 ribus,
227 4569 328 4637 leuitas
343 4575 483 4642 miseruut,
495 4579 556 4647 uuis
574 4582 705 4637 tuslurtuu
716 4584 767 4640 sibi
781 4603 794 4636 a
810 4585 923 4641 Valente

125 4637 163 4692 im
186 4649 235 4693 .et
257 4639 382 4698 liudurio
400 4647 611 4717 itupetuleuliuur
626 4662 700 4712 tuctu
719 4655 871 4726 perterriti.
888 4657 922 4713 ad

125 4653 342 4769 Ἲνίίιιιιίηίνιιιιιιι
357 4719 421 4785 imp.
441 4728 470 4776 et
482 4721 618 4781 Liberium
642 4726 692 4783 sibl
711 4727 921 4800 confugiendum

125 4778 271 4840 duxerunt.
286 4783 378 4844 Basilii
395 4804 460 4848 rere
477 4796 557 4865 epist.
576 4797 613 4854 82
626 4801 762 4858 sententia
779 4811 836 4870 est,
852 4800 923 4857 bettc

289 5333 429 5400 Parnon.
453 5335 536 5407 vlit.

977 4103 1026 4146 cus
1040 4091 1207 4160 ercupittsse
1222 4093 1304 4156 rium.
1320 4103 1350 4150 ut
1364 4095 1496 4151 matulum
1511 4096 1643 4156 eluerent.
1658 4099 1775 4170 corrige·

978 4171 1095 4232 remque
1115 4157 1230 4229 'uorans
1261 4182 1341 4230 uttam
1368 4177 1440 4223 lottto
1464 4169 1498 4221 ab
1523 4169 1633 4224 Eudoxii
1661 4169 1779 4228 luctzuue

976 4235 1128 4304 cttrttpusitu
1142 4239 1344 4294 consentientes
1354 4240 1529 4307 admiserunt,
1542 4241 1585 4296 vul
1598 4243 1690 4302 etium.
1703 4243 1775 4306 uttud

977 4302 1048 4360 idern
1065 4305 1269 4376 basiliusque
1290 4312 1333 4374 ll,
1348 4313 1383 4366 tle
1395 4311 1458 4366 otuu
1471 4312 1535 4366 ultio
1551 4316 1706 4369 nontittuttnt
1722 4323 1778 4369 trs-

976 4375 1026 4440 uit,
1040 4385 1152 4440 ulturus
1164 4379 1277 4451 tlepositi
1303 4384 1328 4434 iu
1341 4397 1373 4436 su
1382 4402 1404 4432 u
1415 4385 1493 4437 seiles
1507 4387 1711 4440 restitueremur
1736 4385 1775 4443 Eo

978 4454 1057 4514 pttttto
1072 4448 1196 4503 Liberius
1213 4455 1302 4520 petitis
1317 4454 1409 4508 attttttit
1437 4471 1515 4508 unt-tu
1532 4457 1662 4511 ariter-us
1674 4455 1774 4511 Vuleu-

978 4518 1013 4573 lis
1032 4531 1057 4574 et
1076 4519 1188 4578 Ertduxii
1208 4525 1364 4580 uexationes
1389 4526 1550 4594 pollicendo,
1573 4528 1654 4584 lut-is
1677 4529 1775 4583 irunt-t·-

977 4589 1072 4646 ti··ndo
1086 4609 1178 4656 purteetu
1192 4606 1219 4648 et
1233 4599 1464 4658 ennunttuiuttetu.
1476 4611 1502 4652 et
1517 4599 1643 4666 expulsio
1655 4601 1680 4652 iu
1695 4598 1777 4656 sudes

977 4676 1041 4716 suus
1056 4665 1234 4722 restituendo.
1249 4667 1320 4726 Sitne
1337 4668 1517 4731 Eustutbituu.
1531 4669 1622 4725 urim
1637 4679 1664 4726 ul
1677 4669 1778 4730 biburii

977 4732 1119 4804 epistularu
1133 4735 1268 4808 'l'puuttsi
1284 4743 1388 4812 synodo
1401 4741 1534 4807 exhibuit,
1551 4743 1577 4796 iu
1594 4741 1683 4825 luteum
1697 4759 1778 4802 suum

975 4801 1061 4864 luisse
1074 4807 1238 4880 restitutum,
1253 4811 1379 4879 basilius,
1389 4811 1468 4882 epist.
1484 4813 1530 4882 ll,
1541 4812 1634 4870 tradtt.
