3975 6292
128 340 185 401 tos
661 352 792 416 omnio
816 358 864 419 io
880 358 1068 425 simouou
1086 364 1230 432 emtori.
1730 334 1787 447 ino

128 476 192 521 esse
213 473 305 536 bussei
325 468 353 523 iu
379 467 475 525 uiicclu
502 474 600 530 sommi
617 472 692 541 boui,
708 477 785 549 cuius
798 477 934 536 desiderio
945 486 1080 552 Απαντός
1092 497 1169 548 κακοῦ
1186 514 1215 568 γε
1229 497 1272 551 καί
1285 494 1399 570 ῥήματος
1422 502 1674 579 παρασκευάζουσιν.
1696 507 1786 565 irretra-

127 557 236 631 reliqua
250 560 340 617 omnia
353 560 488 620 ducuntur
500 565 512 619 i
525 566 590 637 quid
611 570 723 626 omuino
735 571 874 642 sapientiai
885 588 935 644 po-
984 581 1079 655 ληῡμη,
1093 580 1121 639 δι’
1134 606 1164 641 si
1176 587 1254 647 αὐτὴν
1273 589 1416 663 sippapgm
1430 599 1486 655 mic
1504 593 1654 671 upopiioie,
1671 594 1787 657 birsel-

129 663 182 710 test
194 668 413 715 essecommune
423 675 484 715 eum
507 660 667 734 voluptate?
680 664 780 722 Verum
799 666 840 723 sie
850 666 933 739 loqui
986 676 1059 743 θεια,
1073 675 1148 752 ἁγνάν
1163 702 1220 737 τινα
1232 682 1305 753 νόμον
1320 683 1498 763 ὑπάρχουσα,
1518 692 1620 748 πάντων
1636 714 1665 750 τι
1686 694 1788 767 άραθὺν

128 748 212 807 ussat
226 750 296 818 uus,
311 754 356 825 qui
378 754 522 813 humanam
536 758 680 830 quomdam
694 758 793 817 Christi
817 776 933 834 genera·
985 770 1161 833 εὐκταιοτάτην
1182 772 1292 841 ίλπίδα,
1315 774 1447 842 ὁσιότητος
1471 777 1621 839 διδάσκαλον
1646 782 1788 851 ἀθανασίας

130 842 233 899 donem
247 844 300 901 sibi
314 846 438 919 lingunt;
462 864 550 920 neque
570 865 681 921 opernm
693 852 758 909 dant
772 862 801 910 ut
813 843 933 911 animum
984 860 1132 935 ὑπόσχεσιν
1158 863 1301 926 θικίθδηλον·
1317 870 1347 925 σί
1364 871 1409 943 μὲν
1425 872 1542 930 ιὺσίθεια
1561 879 1602 933 καί
1613 876 1787 956 φιλανθρωπία

129 952 209 994 suum
224 939 259 995 ali
272 942 347 997 omni
363 944 446 1015 impio
471 943 593 1001 iocinore
608 960 640 1001 ne
654 960 779 1003 sermone
797 948 932 1019 integrum
984 963 1132 1031 προσκυνῷ,
1145 964 1204 1019 σαῖς
1228 956 1256 1014 u
1277 960 1423 1037 θεραπείαις
1436 964 1517 1041 χάριν
1531 964 1611 1024 «liiii
1621 969 1748 1045 ὁρεὺοριν
1761 970 1786 1029 οί

125 1043 247 1091 terreni.
260 1033 300 1093 Te
313 1035 369 1101 bic,
383 1037 481 1108 uicies,
496 1038 604 1111 appello
619 1056 627 1106 ς
643 1048 718 1096 lutuu
730 1041 881 1098 subsidium
896 1041 929 1098 ild
982 1042 1121 1112 δεηθέντος,
1132 1046 1145 1104 ὁ
1158 1046 1185 1103 δι’
1200 1044 1304 1129 ἄπειρος
1324 1046 1474 1125 ὅχλοςπῆς
1497 1064 1545 1119 σῆς
1569 1059 1726 1139 ἐπικουρίας,
1743 1062 1794 1122 dtn't¹

126 1140 158 1183 eu
172 1142 234 1199 quie
260 1128 387 1186 dicuutur
401 1131 611 1205 impioruzquae
631 1133 697 1189 niliil
722 1134 794 1191 uliud
808 1150 929 1207 esquuul
980 1142 1027 1198 τὴν
1040 1137 1149 1215 ἷμρντον
1160 1142 1225 1221 πρὸς
1237 1146 1268 1199 σὲ
1283 1146 1437 1219 ἀπίχθτιοιν,
1456 1152 1499 1207 καί
1518 1151 1561 1205 τὸν
1578 1154 1640 1211 Θεὸν
1654 1157 1785 1233 άποοτρὲ-

125 1218 170 1275 lex
195 1221 363 1278 castimonie
387 1233 415 1279 ei
441 1224 617 1295 sanctitatis,
645 1228 766 1284 omnium
794 1228 928 1286 bouoruut
979 1245 1067 1305 ροται·
1084 1232 1141 1289 οὐδὲ
1155 1230 1205 1291 οἶδε
1220 1240 1266 1297 τίν
1287 1238 1371 1295 αἰτίαν
1387 1236 1450 1303 ὅλως
1463 1246 1509 1297 τοῦ
1523 1246 1568 1321 ζῇν
1578 1248 1621 1301 καί
1633 1240 1698 1303 εἶναι
1710 1248 1786 1309 αὑτὸν

124 1311 245 1368 mxime
267 1313 407 1385 optabile,
422 1316 600 1373 sanctissimis
627 1319 685 1390 spei
701 1322 828 1391 magistra
844 1363 853 1390 ,
876 1320 927 1377 im·
978 1342 1006 1377 rt
1031 1310 1074 1379 καί
1091 1326 1152 1386 τοὺς
1175 1324 1278 1389 λοιποὺς
1292 1324 1443 1397 incessite,
1458 1332 1539 1389 τ’κτοὺ
1550 1334 1616 1413 πρὸς
1630 1336 1785 1415 τὸκροῖττον

122 1404 299 1462 mortalitatis
311 1414 386 1464 certa
396 1410 552 1479 promissio.
568 1410 607 1468 l'e
617 1426 744 1482 veneror,
758 1427 776 1469 o
789 1414 875 1486 pietas
886 1422 928 1471 at·
981 1416 1132 1480 καθήκοντος
1152 1420 1287 1497 ἠρτῆσθαι·
1303 1426 1358 1485 πάι
1369 1423 1420 1503 γάρ
1435 1422 1557 1501 δκθσμος
1578 1428 1669 1486 ἐκείνου
1688 1438 1783 1507 κτηρα,

122 1514 177 1573 que
188 1500 344 1558 clementis.
359 1501 421 1561 'libi
431 1519 483 1576 pro
494 1504 628 1563 benellcio
650 1508 797 1565 curationis
812 1518 865 1580 tue
875 1523 927 1580 qua
982 1514 1026 1569 καί
1038 1507 1087 1570 ὅσα
1100 1513 1168 1571 ἐστίν
1182 1512 1207 1570 b
1222 1514 1320 1591 κόσμῳ.
1546 1510 1550 1517 ’

122 1590 373 1662 opusliabebemus
388 1596 490 1666 gratias
515 1595 656 1655 debemus.
670 1596 706 1656 At
726 1600 823 1673 vulgus
843 1601 932 1659 bomi-

121 1700 188 1741 uum
206 1686 245 1742 tui
264 1688 357 1743 auxilii
372 1702 486 1760 expers,
507 1706 564 1762 prm
586 1692 667 1749 insito
685 1709 740 1765 quo
764 1692 893 1752 adversus
916 1705 944 1752 te
961 1693 1056 1767 uagiii
1080 1690 1161 1760 odio,
1179 1691 1263 1750 Deum
1281 1690 1369 1767 ipsum
1398 1704 1538 1754 aversatur
1562 1712 1613 1756 uec
1638 1700 1783 1775 intelligit,

119 1792 180 1838 suae
200 1781 286 1853 ipsius
307 1797 339 1839 ac
359 1781 523 1857 reliquorum
537 1784 681 1856 impiomm
696 1787 758 1845 vite
777 1803 887 1845 causam
914 1802 950 1847 ex
969 1788 1053 1847 divini
1076 1785 1201 1843 Numinis
1225 1787 1314 1845 cultus
1333 1797 1415 1862 atquc
1440 1786 1571 1865 obsequio
1585 1792 1715 1865 pendere.
1729 1794 1785 1854 To-

121 1882 168 1931 tus
180 1875 254 1931 enim
266 1874 383 1933 mundus
395 1884 424 1933 et
444 1892 620 1951 griseumque
633 1878 660 1936 in
675 1881 777 1939 mundo
798 1882 972 1940 eontinentur
988 1881 1063 1941 illius
1075 1888 1118 1939 est
1131 1882 1279 1953 possessio.

122 2027 186 2071 811³·
213 2028 280 2071 nu.
294 2044 329 2055 ··-
342 2014 589 2073 uutttuuu'tcllo
608 2031 797 2087 ΙΙΡΕΒΑΤΟΜΘ,
819 2034 871 2086 stili
891 2032 1031 2077 ricrututs
1043 2033 1077 2075 ΕΤ
1090 2032 1204 2081 ΒΕΙιΙίὶῦΑ
1219 2031 1286 2074 BONA
1305 2032 1354 2075 sut
1372 2032 1486 2077 cellisio
1502 2035 1623 2080 tcusrtut
1641 2036 1727 2091 FERTJ
1747 2039 1782 2083 ΕΤ

170 2123 340 2166 ΩΟΝΕΙΠΔΤΙΟ
359 2125 483 2167 minuti
493 2124 619 2179 risuum,
631 2126 675 2177 0111
690 2126 897 2171 remecurturtu
910 2126 1061 2171 diluuium
1068 2126 1098 2168 itt
1116 2124 1282 2167 CERlS'l'leR
1302 2124 1450 2171 usitetutut
1462 2127 1576 2171 dtuultu
1591 2130 1731 2173 auxilius.

157 2234 292 2305 Equidem
315 2251 402 2293 meam
418 2235 575 2295 felicitatem
593 2253 708 2311 meoque
723 2240 814 2295 omnia
828 2240 922 2312 pietati
1010 2240 1136 2313 upupis
1160 2246 1207 2301 τῆς
1227 2239 1354 2312 ιὺτνχίας
1370 2246 1417 2302 τῆς
1441 2241 1554 2314 ίμαντοὺ
1578 2245 1689 2299 καὶτῶν
1716 2244 1782 2315 lpus

121 2336 235 2400 accepia
257 2329 357 2385 teleto.
378 2328 474 2386 Testes
495 2338 558 2386 sutri
581 2344 671 2387 rerum
696 2340 810 2397 evellius
829 2332 875 2405 qui
888 2346 922 2389 ex
972 2334 1085 2399 πάντων,
1101 2332 1223 2404 αἰτιῶμαι
1235 2336 1281 2391 rii
1296 2334 1430 2407 sipiritus·
1443 2332 1605 2411 μαρτνροίδί
1620 2336 1690 2394 κοίη
1704 2332 1781 2393 iidc-

122 2419 263 2478 rotomilii
276 2421 472 2492 responderunt
485 2431 585 2479 :testes
598 2427 923 2497 suntpugnaeatipierio-
974 2416 1017 2491 σιτ
1041 2434 1090 2485 τῶν
1109 2424 1164 2483 κατ’
1179 2428 1261 2498 ιὺχάι
1281 2425 1408 2484 ἁπάντων·
1430 2426 1607 2507 άνδρσηαθίαι,
1628 2431 1691 2485 νίναι
1712 2432 1780 2487 κατά

123 2513 203 2571 ioriae
212 2552 226 2581 ,·
243 2522 272 2571 ei
284 2522 385 2586 liopaee
399 2513 434 2573 de
445 2516 569 2573 bosubus
583 2526 670 2588 paria.
684 2518 742 2576 Scit
757 2528 785 2575 ei
799 2518 924 2575 laudibus
975 2528 1026 2578 τῶν
1047 2520 1186 2593 πολεμίων,
1204 2520 1329 2598 τρόπαια·
1354 2519 1453 2577 σύνοιδε
1477 2520 1504 2577 ii
1527 2525 1570 2577 καί
1589 2522 1645 2593 μετ’
1658 2525 1781 2598 εὐφημίας

124 2622 158 2664 ea
174 2606 294 2664 celebrat
321 2609 384 2665 urbs
402 2608 501 2665 lloma.
518 2608 593 2666 idem
613 2611 696 2667 sentit
711 2611 835 2690 populis
849 2611 924 2668 urbis
975 2615 1075 2671 insitii
1092 2618 1135 2671 καί
1153 2614 1169 2673 ὑ
1187 2612 1366 2686 simulincisi·
1382 2614 1502 2686 βούλεται
1512 2612 1540 2671 u
1554 2614 1625 2673 καίά
1644 2613 1722 2689 δῆμος
1733 2624 1780 2679 τῆς

121 2701 192 2759 inibi
207 2700 386 2771 charissimae,
402 2701 467 2759 iicet
481 2702 548 2759 iilia
563 2718 613 2773 spe
623 2703 762 2776 deceptus,
783 2704 922 2775 indiguum
974 2703 1097 2783 ριλτάτης
1114 2706 1230 2771 πόλιος,
1254 2706 1277 2761 τί
1293 2708 1336 2762 καί
1355 2707 1420 2784 πρὸς
1438 2713 1498 2769 ταῖς
1519 2707 1660 2785 σραλοροιίς
1680 2708 1779 2767 unicis

118 2792 171 2852 ¹sua
195 2794 337 2866 maiestate
350 2796 501 2868 principem
524 2797 647 2871 elegerit,
670 2800 714 2871 qui
737 2813 803 2855 inex
824 2813 924 2857 eonve-
975 2800 1153 2865 ἐξαπατηθείς,
1167 2800 1264 2865 ἀνάξιον
1275 2798 1368 2861 ἑαυτῆς
1380 2799 1512 2879 προτᾶοτο
1524 2818 1682 2877 προστάτην·
1698 2798 1779 2859 ὑπα-

118 2890 243 2949 uieuleill
255 2889 406 2947 sceleribus
428 2892 485 2947 suis
509 2892 610 2949 exilum
631 2894 743 2950 sortitus
757 2902 809 2951 esi.
825 2894 924 2952 Verum
938 2867 963 2930 B
976 2901 1097 2974 ροοτρῆμοι
1108 2892 1184 2958 iiilo,
1199 2890 1376 2969 προσηκόντως
1390 2912 1418 2949 το
1431 2894 1474 2949 καί
1488 2892 1564 2958 ἀξίως
1575 2898 1631 2955 τοῖς
1648 2894 1733 2971 εἀνπῷ
1748 2915 1777 2952 rt

118 2997 154 3039 a
177 2996 250 3039 nuuc
270 2983 581 3041 commemoraremus
608 3000 670 3042 esse
691 2985 809 3043 urbiliot'
829 3004 836 3041 ε
857 2987 923 3043 milti
975 2987 1151 3061 aolnnplioir,
1167 2982 1200 3043 ais
1215 2986 1245 3042 οὗ
1259 2987 1331 3058 θέμις
1347 2988 1583 3059 ἀπομνημονεῦσαι,
1598 2987 1777 3059 μάλισταέμοί

118 3075 274 3150 presertim
288 3078 334 3149 qui
347 3084 384 3142 te,
398 3078 495 3149 pietas,
508 3079 643 3151 slloipuor,
666 3082 749 3152 etqui
758 3095 853 3137 euram
862 3096 923 3139 oin·
976 3090 1014 3158 τῷ
1035 3080 1206 3154 διαλιχορίνῳ
1227 3079 1294 3155 πρὸς
1316 3079 1357 3143 σί,
1375 3080 1419 3135 καί
1431 3084 1520 3135 πάσαν
1533 3079 1674 3153 ίπιριλειαι
1688 3099 1777 3137 ποιον·

118 3184 185 3225 nem
201 3182 235 3225 ac
247 3168 416 3240 diligentiam
437 3169 563 3238 adhibeo,
576 3177 606 3226 ut
618 3178 645 3227 te
654 3173 737 3230 castis
752 3170 924 3230 sermonibus
975 3178 1053 3252 μίτῳ,
1068 3182 1124 3237 πῶς
1138 3170 1167 3231 άν
1181 3173 1271 3249 &pair
1285 3175 1328 3229 καί
1342 3174 1458 3247 ιὺρημοις
1473 3169 1598 3239 διαλθξιπι
1610 3173 1776 3250 προσιίποιμί

117 3260 254 3333 bonisque
277 3262 368 3318 verbis
391 3262 563 3334 compellem.
580 3262 672 3320 Dicam
702 3274 791 3322 lamen
811 3265 921 3339 aliquid,
975 3290 1016 3327 ct.
1033 3268 1084 3347 τ’ρῷ
1097 3264 1125 3324 δι’
1136 3288 1163 3322 τι
1175 3262 1251 3333 ἴσως,
1277 3266 1322 3322 οὑκ
1340 3261 1462 3337 ἄσχημον
1478 3261 1535 3321 siit
1552 3266 1677 3343 άπροπίς·
1691 3266 1774 3343 ὑπορ-

116 3356 192 3428 quud
206 3370 258 3413 uec
269 3366 347 3429 turpe
357 3372 408 3414 uec
422 3356 581 3413 indecorum
597 3357 744 3417 ridebitur.
758 3360 862 3418 Bellum
877 3362 921 3418 iu·
973 3363 1070 3419 cellos
1088 3362 1175 3435 plisni
1195 3363 1273 3437 μανίᾳ
1286 3361 1329 3415 καί
1341 3359 1466 3422 enisuri,
1483 3354 1503 3414 ὧ
1516 3360 1657 3425 itacismi,
1668 3363 1710 3417 καί
1721 3361 1774 3417 πά-

116 3450 267 3521 expiabile,
284 3450 392 3522 plenum
406 3435 533 3508 amentiae
546 3461 574 3507 et
597 3453 726 3510 inauditae
741 3454 919 3523 crudelitatis,
973 3478 1034 3520 παις
1054 3462 1115 3519 ταῖς
1137 3454 1293 3529 ἁγιωτάταις
1306 3474 1354 3510 σον
1369 3454 1509 3517 ἐκκλησίαις
1521 3454 1573 3510 ὑπὸ
1583 3456 1711 3531 τυράννοιν
1724 3474 1774 3510 πο-

115 3541 250 3599 adversus
262 3552 300 3609 te,
316 3544 415 3614 pietas,
428 3552 457 3599 et
474 3544 606 3601 advorsos
620 3560 715 3604 onmes
736 3547 921 3606 sanctissimas
972 3551 1048 3625 λιμοι
1064 3547 1117 3621 (iil
1131 3546 1270 3611 ἄσπονδος·
1286 3552 1329 3605 καί
1345 3550 1389 3603 οὑκ
1411 3548 1622 3621 δπιλιιὺάνπινιτ
1635 3554 1686 3605 τῶν
1704 3549 1773 3623 inei

114 3634 352 3693 ecclesiastiaca
378 3637 501 3708 tyrannis
516 3638 670 3709 gerebatur.
685 3638 741 3696 Nee
764 3639 879 3698 deerant
893 3642 919 3697 in
970 3640 1066 3720 ‘supp
1085 3642 1241 3703 τηλικούτοις
1263 3641 1443 3718 ίπιχαίροντες
1456 3638 1589 3715 δημοσίοις
1609 3646 1708 3702 κακοῖς·
1722 3660 1774 3699 πα-

115 3729 189 3785 urbe
203 3727 301 3796 Roma,
314 3730 360 3801 qui
374 3727 457 3785 tantis
480 3730 559 3787 malis
584 3739 612 3787 et
635 3730 743 3803 publica
764 3731 920 3791 calamitate
971 3734 1169 3817 ρτσκιὺοιστοδί
1181 3737 1222 3792 καί
1242 3730 1328 3791 πεδίον
1348 3742 1380 3797 τῆ
1400 3734 1486 3810 uixi·
1502 3735 1535 3790 οὑ
1549 3730 1577 3792 u
1589 3734 1772 3813 προιλθοὺσα,

115 3823 289 3881 laetarentur.
301 3820 367 3879 llrat
379 3832 407 3879 et
422 3836 534 3896 campus
559 3823 593 3881 nd
607 3824 731 3897 praelium
745 3827 918 3883 constitutus.
973 3828 1220 3901 ίπίδιικαςζξίαντίν
1243 3824 1434 3905 ίπιριιδομίιην
1453 3834 1486 3904 τῇ
1508 3828 1649 3905 πρδςθιδν
1669 3812 1770 3885 πίστίι.

795 3940 933 3999 vnussu
950 3940 1069 4000 NOTAE.

153 4036 242 4112 ’Δγιθν
263 4058 319 4094 τινα
336 4031 413 4128 κάρον
434 4036 605 4114 ὑπὺρχονσοι.
625 4017 813 4093 Grammatieae
846 4036 920 4108 leges
974 4036 1077 4092 nentia.
1100 4034 1154 4093 Sed
1177 4044 1206 4091 et
1228 4032 1361 4090 Eusebius
1374 4034 1401 4089 in
1427 4032 1550 4091 oratione
1572 4029 1714 4115 tricennali
1735 4028 1771 4115 ile

114 4110 201 4167 scribi
215 4108 507 4184 ίοοοηοὺπορχονσαν,
525 4118 553 4163 ut
566 4115 609 4163 est
621 4108 649 4162 in
663 4107 756 4163 codiee
771 4106 840 4163 Full.
853 4108 919 4165 Por·
975 4108 1099 4163 laudibus
1111 4104 1281 4164 constantini
1295 4106 1332 4161 ita
1344 4104 1459 4163 Romam
1473 4104 1601 4179 appellat,
1616 4112 1645 4160 ut
1660 4102 1714 4160 illic
1730 4118 1771 4160 ii·

112 4196 150 4239 ro
163 4181 366 4251 elegantissima
387 4188 431 4235 est
445 4180 503 4234 line
525 4179 664 4249 religionis
680 4179 836 4235 elirislianie
851 4180 919 4235 deil-
972 4177 1107 4236 debimus.

113 4253 187 4308 riitin
202 4269 209 4306 ε
227 4252 274 4307 sed
291 4266 370 4322 prava
385 4252 602 4317 interpunctione
613 4250 686 4306 liede
697 4260 834 4315 corrupta.
845 4252 921 4321 Lego
1009 4253 1055 4307 rial
1066 4251 1167 4313 πάσαις
1177 4256 1234 4311 ταῖς
1246 4247 1410 4325 ἁγιωτάταις.
1422 4245 1651 4305 Antehaecverba
1661 4244 1772 4331 asteris·

113 4326 201 4391 igitur
213 4326 317 4379 πάντων
340 4344 368 4379 τι
389 4322 489 4379 άταθῶν
510 4324 706 4389 ιὺκτκιοτάτην,
725 4322 824 4385 ιλπίδος
844 4323 921 4380 δσιω-
972 4334 1022 4377 ciis
1035 4322 1063 4377 in
1078 4322 1198 4378 editione
1210 4320 1277 4379 unu.
1291 4319 1422 4393 Stephani
1437 4319 1575 4391 appositus
1591 4328 1643 4383 est,
1656 4331 1711 4389 qno
1725 4332 1769 4372 m-

112 4399 197 4457 τάτητ
210 4395 370 4461 διδάσκαλον,
387 4348 530 4456 diuisum
545 4394 694 4467 ὑπόσχεσιν
710 4393 853 4455 ιἰκίθδηλοι.
874 4392 922 4449 ut·
974 4392 1090 4459 dicatur,
1106 4391 1233 4449 nonnulla
1253 4390 1298 4446 liic
1317 4391 1413 4447 deesse
1433 4392 1461 4447 in
1483 4390 1590 4463 scriptis
1609 4388 1771 4473 exemplari-

113 4469 155 4523 liii
169 4468 220 4521 linc
235 4467 352 4522 lectione
366 4467 479 4531 certius,
496 4465 562 4521 iiiliil
574 4466 734 4536 elegantius.
752 4466 920 4537 Religionem
933 4471 961 4534 Ι)
972 4463 1136 4522 busllerum
1150 4463 1295 4519 asteriscos
1308 4463 1353 4535 qui
1364 4476 1379 4518 a
1392 4462 1462 4517 lloli.
1476 4462 1613 4545 Stephano
1625 4459 1771 4545 diligenter

112 4540 236 4613 appellat
251 4536 446 4595 Goiistuiitinus
465 4538 623 4607 magistrum
639 4536 696 4607 spei
720 4537 916 4605 sanctissimas,
973 4538 1058 4592 notati
1079 4534 1202 4599 fuerant,
1226 4535 1360 4605 precipue
1373 4535 1400 4589 lii
1419 4533 1473 4589 line
1493 4532 1574 4603 huius
1588 4531 1670 4598 libri,
1686 4530 1770 4587 editio

112 4612 218 4683 quippe
232 4624 293 4679 qum
303 4622 354 4663 nos
366 4608 462 4664 doceat
473 4622 584 4675 sperare
599 4606 738 4673 scelestis,
759 4623 809 4666 nec
823 4609 851 4665 in
865 4617 919 4665 ter·
972 4605 1141 4665 Geiierensis
1152 4620 1248 4663 omnes
1263 4605 1380 4661 sustulit.
1395 4604 1528 4661 coeterum
1544 4602 1597 4658 lioc
1611 4600 1672 4657 loco
1686 4614 1770 4671 pauca

111 4686 192 4741 renis
204 4690 232 4737 ct
241 4680 353 4736 caducis
363 4681 453 4747 lionis,
469 4678 518 4734 scd
533 4679 560 4734 io
577 4680 750 4750 lieooinuem
763 4694 839 4749 spem
855 4695 919 4736 nos-
972 4678 1081 4745 desunt,
1098 4693 1158 4747 nuni
1172 4678 1211 4733 sic
1223 4677 1346 4747 suppleo.
1362 4678 1402 4732 Σοί
1415 4697 1443 4733 τι
1454 4679 1496 4758 καί
1510 4676 1609 4759 πάσαις
1623 4680 1686 4759 ταῖς
1695 4672 1772 4749 ispiu-
1809 4724 1813 4733 .

112 4764 187 4811 trsin
210 4752 355 4808 collocare.
381 4751 411 4808 lo
432 4750 527 4807 codiee
548 4749 617 4806 uoti.
640 4749 919 4818 legiturz‘osiiinrse
971 4752 1060 4814 τάταις
1074 4770 1121 4808 σον
1132 4750 1284 4816 ίκκλησίαις,
1293 4756 1347 4806 etc.
1362 4747 1513 4819 Alloquitur
1522 4760 1595 4803 euim
1608 4747 1771 4819 religionem

112 4824 279 4891 διδάσκαλον,
290 4826 431 4885 ἀθανασίας
444 4822 592 4896 ὑπόσχοοιν
602 4820 746 4882 άνάθδολον.
763 4822 865 4882 Eiidem
878 4826 920 4881 iu·
971 4822 1155 4877 christianam.
1311 4889 1319 4903 ·
1390 4889 1423 4903 ..
1470 4890 1477 4903 .
1729 4858 1731 4865 .

113 4900 272 4966 terpuneiio
282 4906 325 4952 est
338 4896 365 4951 iii
381 4893 501 4951 schedis.
1009 4898 1054 4951 ναί
1063 4892 1157 4952 πεδίον.
1169 4888 1300 4963 Campum
1311 4888 1455 4962 intelligit,
1469 4904 1498 4945 m
1509 4904 1564 4962 quo
1574 4896 1709 4973 martyres
1718 4902 1770 4945 ei·

153 4970 185 5025 οί
199 4966 338 5029 διηθέντιι.
359 4964 477 5025 Omnino
494 4964 667 5021 scribendum
685 4963 791 5021 ridetur
805 4965 920 5023 οὑίαθίν·
972 4973 1064 5021 tremo
1085 4962 1217 5034 supplicio
1237 4961 1432 5018 alliciebantur.
1447 4960 1530 5018 iioris
1547 4974 1619 5017 euim
1636 4967 1694 5015 erat
1711 4966 1769 5015 lum

111 5062 169 5103 τις.
184 5041 331 5112 Eleganter
348 5037 422 5095 enim
439 5038 537 5093 dieitur
551 5044 615 5100 ταῖς
633 5039 784 5115 θιραπείαις
806 5038 919 5104 ίαθίντιι
971 5035 1042 5107 apud
1064 5034 1195 5103 Grecos,
1211 5044 1266 5088 tum
1281 5031 1352 5103 sputi
1365 5032 1518 5100 llomanos.
1536 5040 1567 5089 ut
1586 5037 1662 5115 extra
1678 5037 1771 5115 portas

112 5114 143 5171 iil
156 5121 211 5180 cst,
229 5111 280 5167 tais
294 5110 415 5165 remediis
428 5109 534 5164 innoti:
972 5106 1104 5177 supplicia
1118 5104 1154 5163 dc
1177 5104 1268 5161 noxiis
1282 5112 1474 5173 sumerentur,
1490 5113 1521 5161 ut
1540 5102 1664 5170 pluribus
1678 5109 1771 5158 notari

151 5184 261 5242 ὀντίιον
271 5190 366 5258 iii-ipe
378 5180 486 5239 llallem
496 5180 617 5239 scribere
627 5184 733 5257 κτίσρα,
749 5179 777 5239 id
787 5164 919 5255 calopus,
971 5178 1007 5235 οὑ
1019 5178 1108 5235 Amin.
1122 5174 1319 5233 llarcelliuum.
1336 5174 1413 5233 Unde
1426 5175 1461 5235 ad
1473 5188 1598 5246 csmpum
1615 5170 1677 5229 duci
1694 5171 1770 5228 dice·

112 5258 175 5316 sive
188 5255 338 5327 opilleiuin.
971 5248 1073 5307 bantur
1088 5250 1162 5307 noxii
1175 5247 1221 5378 2¹¹⁵
1237 5248 1270 5304 ad
1285 5248 1446 5318 supplicium
1462 5247 1638 5305 ducebantur.
1652 5242 1699 5301 Sic
1711 5246 1770 5299 ilu-

149 5335 208 5385 τῶν
217 5325 274 5383 κατ’
287 5328 372 5398 ιὺχὰς
384 5324 519 5382 ἁπάντων.
529 5319 672 5393 conjicere
681 5324 742 5394 quis
753 5338 807 5379 non
821 5322 921 5381 iinme-
970 5323 1095 5393 gostinus
1127 5321 1156 5379 iu
1194 5320 1280 5377 'broi
1303 5328 1399 5378 eontra
1428 5318 1577 5393 Epistulam
1598 5314 1772 5375 Parmeuiaui

110 5400 168 5458 riiu
181 5407 276 5471 posset
291 5398 464 5454 scribendum
479 5409 541 5452 esse
549 5397 654 5454 πάντων
670 5395 727 5453 κατ’
740 5398 824 5468 εὐχὰς
838 5397 921 5454 ἁπαν·
970 5407 1002 5450 ue
1026 5394 1094 5450 .8.·
1575 5461 1581 5475 .

110 5476 229 5532 πάντων.
250 5468 306 5527 Sed
327 5484 390 5526 enm
411 5468 513 5538 absque
535 5466 588 5523 bae
609 5466 799 5525 emendatione
821 5480 920 5527 sensus
1006 5408 1148 5530 biiiiniar
1173 5464 1265 5525 ίανπδν
1289 5462 1403 5544 θπιριιδο
1450 5486 1490 5526 ον.
1516 5458 1701 5549 ,scribendum
1729 5467 1773 5529 est

112 5552 235 5607 constet,
252 5540 321 5595 iiiliil
335 5538 493 5596 mutandum
508 5552 619 5594 censeo.
973 5544 1075 5601 σαντδν
1093 5536 1284 5619 θπιριιδορίνη,
1304 5546 1357 5593 etc.
1379 5534 1390 5591 l
1420 5544 1472 5604 est,
1489 5545 1596 5619 teipsam
1614 5532 1682 5587 nitro
1696 5531 1772 5587 nitu·

137 5613 341 5690 νιγαλδπολις.
360 5611 407 5669 Sic
425 5610 540 5667 unnim
552 5608 640 5666 Graeci
656 5624 755 5668 rocare
773 5624 923 5668 consuere·
974 5609 1036 5667 listi.
1051 5610 1153 5667 illudit
1165 5606 1402 5667 Constantluiisad
1413 5604 1598 5664 iortitiidiiiem
1609 5611 1769 5675 martyrum,

114 5697 201 5771 ram,
207 5693 238 5742 ut
247 5683 399 5767 innumeris
406 5682 538 5752 exemplis
551 5682 659 5753 probari
670 5690 770 5767 potest.
782 5683 822 5739 lta
833 5682 923 5768 Tatia-
974 5682 1021 5753 qui
1033 5696 1063 5767 se
1076 5682 1148 5739 ultro
1159 5680 1294 5753 judicibus
1307 5678 1468 5745 offerebant,
1488 5686 1516 5734 et
1535 5675 1568 5732 ad
1582 5682 1697 5764 mortem
1715 5688 1770 5731 noir

116 5775 174 5819 iius
187 5774 216 5816 m
231 5766 357 5814 oratione
369 5754 500 5811 adseritis
510 5752 639 5824 Grecos,
656 5754 700 5812 ubi
715 5755 749 5811 de
762 5753 924 5812 saerolous
975 5762 1074 5823 coacti,
1090 5752 1137 5810 sed
1152 5760 1250 5825 sponte
1269 5750 1424 5808 currebant.
1447 5748 1528 5806 Certe
1552 5744 1693 5805 ίπιδιδοναι
1715 5760 1771 5802 non

119 5828 243 5891 Latiaris
256 5829 394 5903 loquitur,
411 5836 439 5883 et
460 5826 626 5912 Porphyrius
646 5826 674 5885 in
696 5823 767 5887 libro
781 5827 816 5888 tle
833 5821 926 5887 tosti·
977 5822 1078 5883 dicitur
1092 5824 1144 5883 nisi
1157 5826 1193 5882 de
1206 5836 1240 5882 eo
1258 5822 1304 5894 qui
1320 5828 1416 5893 sponte
1437 5818 1538 5895 aliquid
1555 5817 1637 5891 lecim
1656 5816 1775 5877 itieru
