3975 6292
1032 206 1172 269 seusun
1853 220 1892 281 nn

284 333 409 405 lielipuos
422 330 605 405 Aprippineun’
624 336 702 403 ponte
715 332 783 400 sueto
800 326 837 382 ita
856 334 946 392 ιιιιιι,
961 333 989 380 ιιι
1003 341 1031 381 eo
1044 326 1087 381 oio
1100 328 1125 391 Α
1139 335 1191 393 est,
1208 323 1254 382 sed
1267 340 1300 383 es
1316 325 1423 383 laudum
1440 336 1589 386 uestrarum
1603 330 1678 402 copia
1693 332 1828 392 metiuntur.
1840 339 1894 407 Quo

284 426 348 482 lene
369 426 488 479 inoboolo
502 424 561 494 iaris
580 421 710 492 supplices
734 418 864 475 obsidibus
887 418 979 474 oblatis
1000 434 1088 488 pacoro
1139 436 1199 478 rum
1223 436 1273 491 ego
1295 424 1522 492 expectationem,
1537 424 1636 479 inuitus
1651 426 1720 493 licor,
1735 426 1813 483 latiam
1826 430 1894 487 breri-

283 526 382 591 petant,
399 534 425 573 n.
441 517 485 573 15.
499 515 654 571 Μιιὲιιιὶιιιιι·
668 514 731 569 sitia
748 514 828 568 obiter
849 513 962 583 ordnpit,
980 528 1088 584 prmum·
1140 524 1195 572 tate
1216 516 1332 574 dicendi.
1359 518 1462 575 Revera
1486 520 1561 575 enirn
1579 522 1754 593 cogitaveram
1772 522 1835 593 plura
1851 542 1895 595 que

284 613 331 665 tim
354 612 485 683 inpactum
510 611 567 683 ejus
590 611 618 664 in
640 607 835 665 Corntoutinum
856 606 982 673 animum,
999 623 1025 660 n.
1042 606 1085 663 il.
1139 607 1268 678 dicerem,
1289 611 1338 683 sed
1358 611 1431 669 uralo
1451 613 1601 669 orationem
1619 628 1703 669 meam
1724 616 1813 685 respui.
1826 616 1896 687 ltaque

283 706 440 765 Diocletiani
450 707 506 779 (pai
518 706 624 764 Salona
636 705 722 760 odino
733 704 846 774 pnootus
860 703 969 767 sinebat)
982 702 1009 758 in
1025 718 1087 774 pro·
1139 708 1256 775 primum
1271 705 1335 761 iilud
1350 706 1538 775 compendium
1560 705 1665 773 luciam,
1679 706 1747 778 quod
1760 722 1814 763 eum
1826 724 1897 765 omnes

265 800 548 878 xpon'toeonstamiarn
563 800 662 866 laudat,
678 815 707 853 n.
722 796 767 852 db.
781 796 881 852 lterum
892 796 958 853 redit
971 796 1006 850 od
1020 794 1089 851 Con·
1138 812 1189 855 uus
1209 798 1379 855 invictissimi
1400 799 1549 871 Principes,
1573 815 1688 872 purorum
1709 814 1813 857 coucnrs
1831 812 1865 857 est
1878 812 1897 859 ct
1963 796 1964 849 ἓ

282 895 424 949 stantinum
444 907 539 963 :numu
559 891 654 947 ebosus
676 890 753 961 suerit
766 890 901 955 militibus,
918 905 982 959 quos
1002 888 1034 943 ob
1058 904 1088 943 eo
1139 893 1212 948 socia
1233 892 1372 962 maiestas,
1388 892 1480 949 debita
1497 894 1671 951 reiteratione
1693 894 1834 965 suspiciam,
1847 896 1898 953 luunt

282 983 440 1041 Maximiani
452 984 579 1054 protonisso
585 993 609 1036 et
616 982 764 1054 lorpidones
771 997 878 1037 auocare
887 995 938 1036 non
948 979 1086 1053 potuerint,
1140 992 1228 1041 tomen
1243 987 1518 1057 quaritulumcumqtse
1530 995 1576 1042 uuo
1591 985 1681 1057 modo,
1690 987 1854 1057 Constantino,
1863 1006 1899 1045 nu-

282 1095 310 1134 n.
327 1078 371 1134 lli.
386 1078 489 1145 Quanto
508 1079 641 1134 alacritate
654 1078 776 1133 adonius
791 1076 981 1132 Maximianum
994 1075 1088 1131 Arela-
1139 1076 1205 1133 asini
1221 1076 1317 1133 dicabo
1341 1093 1504 1135 sermonem.
1524 1076 1557 1135 Ut
1578 1079 1649 1134 enim
1673 1080 1744 1149 ipsos
1765 1080 1899 1138 iurmuuu-les

282 1184 333 1229 ιιιιι
343 1174 462 1245 pannum,
475 1182 529 1227 turn
544 1172 690 1227 munitium
706 1173 876 1239 corroolnrint,
888 1189 914 1227 n.
930 1171 975 1227 tt.
994 1169 1089 1226 liossi-
1139 1168 1205 1225 deos
1227 1184 1379 1241 quanquam
1395 1170 1536 1229 universos
1550 1171 1641 1227 animo
1657 1171 1783 1241 colamus,
1796 1172 1899 1229 iruterdun

283 1265 326 1324 lira
345 1268 519 1338 oppupnotio,
531 1284 559 1323 n.
575 1265 617 1323 ts.
633 1263 794 1322 Constantini
813 1282 874 1338 erpa
895 1268 974 1321 uictos
995 1266 1086 1335 pietas,
1140 1270 1228 1319 mutem
1246 1263 1272 1319 in
1295 1277 1345 1319 suo
1360 1278 1494 1337 quemque
1519 1263 1619 1335 templo
1632 1279 1665 1320 ac
1682 1264 1745 1321 sede
1758 1280 1899 1333 ueneramus

281 1374 310 1414 ιι.
332 1358 377 1414 at.
394 1356 523 1415 Borboros
546 1368 604 1431 post
617 1360 675 1432 ejus
687 1360 715 1412 in
727 1356 833 1413 ltaliam
852 1358 993 1414 dicessum
1012 1373 1090 1425 erup-
1140 1355 1176 1411 ita
1198 1354 1265 1413 mibi
1282 1355 1321 1413 las
1335 1372 1396 1413 esse
1418 1357 1478 1415 dico
1499 1357 1618 1413 omnium
1636 1359 1781 1431 principum
1801 1361 1900 1432 pietatem

282 1451 376 1506 tionem
389 1452 539 1506 meditantes
553 1451 685 1521 repentino
708 1450 792 1507 reditu
810 1465 857 1505 suo
880 1450 997 1522 reprimit
1014 1464 1023 1503 .·
1041 1448 1088 1503 laos
1140 1451 1307 1516 ruremiuisse,
1323 1451 1446 1508 laudibus
1460 1451 1598 1511 celebrare
1614 1463 1782 1523 praesentem.

280 1544 400 1601 uictorias
412 1545 527 1617 Apollini
540 1544 639 1601 tribuit.
1175 1543 1208 1600 il.
1223 1545 1247 1599 Α
1263 1545 1350 1615 primo
1365 1545 1445 1616 igitur
1466 1546 1590 1617 incipiam
1606 1547 1717 1618 originis
1737 1558 1786 1604 tua
1799 1546 1900 1603 numine:

317 1638 347 1693 in
373 1637 436 1695 bure.
462 1636 541 1708 Optat
558 1649 586 1693 ut
608 1638 643 1692 ad
667 1637 800 1694 uisendum
819 1636 946 1709 Apollinis
965 1636 1089 1709 templum
1140 1639 1211 1709 quood
1236 1638 1358 1709 plerique
1376 1639 1466 1697 adbuc
1486 1640 1600 1695 iurtasse
1618 1641 1752 1709 nesciunt,
1773 1642 1902 1712 seducite

279 1730 400 1786 AEdruam
417 1731 524 1785 divertat
540 1747 551 1786 ι
566 1732 604 1787 sia
629 1730 695 1787 ιιιίιιι
718 1731 811 1789 b'rbem
826 1731 905 1786 simul
924 1730 1016 1785 uiderit
1037 1746 1089 1786 esse
1104 1748 1128 1809 Β
1141 1740 1232 1786 nutarit
1251 1732 1395 1801 plurimum
1418 1733 1517 1789 sciunt.
1532 1732 1573 1788 ab
1588 1733 1636 1790 ilio
1652 1732 1726 1789 enim
1742 1732 1802 1790 Diuo
1816 1733 1902 1791 Claudio

279 1824 509 1891 restituendarum.
519 1822 565 1879 22.
573 1823 679 1881 Liberos
692 1841 753 1881 suos
766 1833 853 1880 ormor
864 1824 1013 1897 irrspooton'
1020 1840 1090 1881 com·
1139 1833 1232 1879 manat
1246 1823 1273 1879 in
1289 1833 1315 1881 te
1330 1824 1401 1880 auita
1421 1825 1555 1897 cognatio,
1579 1824 1624 1895 qui
1640 1824 1756 1882 Romani
1772 1826 1862 1896 imperii
1872 1840 1903 1881 so·

279 1918 394 1990 mandat,
408 1936 435 1975 n.
450 1916 496 1977 25.

453 2043 460 2054 ’
486 2052 613 2113 recreta
627 2052 884 2115 reassumptis.

317 2194 489 2261 discerem,
497 2190 847 2263 sacratissimeimperator,
855 2190 927 2263 quod
937 2190 1087 2263 pauloaute

280 2288 349 2346 mibi
370 2288 491 2362 plerique
510 2297 664 2356 suaserunt,
688 2295 719 2344 ιιι
739 2287 866 2360 quioniam
891 2286 1018 2359 rnujesus
1041 2295 1085 2342 tua

281 2385 354 2442 Ιιιιιιι
369 2383 548 2441 mediocritati
569 2397 637 2438 nnete
649 2382 721 2438 diem
735 2382 762 2437 in
774 2383 825 2438 ista
839 2381 948 2438 ciuitate
961 2380 1085 2437 celeber·

280 2477 379 2537 morum
399 2476 594 2534 addicendum
615 2475 745 2541 dedisset,
768 2475 804 2533 de
823 2491 856 2533 co
877 2475 935 2545 ipso
957 2476 1084 2531 ducerem

279 2572 416 2631 sermonis
429 2570 580 2637 esurrdium,
598 2569 649 2624 nisi
665 2583 709 2625 me
723 2568 757 2625 ab
772 2567 825 2624 boc
843 2567 942 2638 duplex
958 2570 1027 2624 ratio
1040 2581 1083 2623 ιι-

278 2681 399 2737 vocaret,
414 2666 633 2725 considerantem
644 2663 836 2737 nequemediac
843 2665 930 2719 aetatis
946 2662 1084 2719 bonrincm

280 2776 418 2824 ostentare
439 2758 540 2817 dobere
560 2759 677 2815 subitam
691 2756 797 2813 dicendi
812 2755 977 2822 laenitatem,
994 2744 1082 2827 nctp'urc

280 2858 315 2914 ad
329 2872 411 2914 aures
434 2854 501 2911 tarni
516 2854 637 2910 numinis
649 2852 794 2924 quidquam
811 2850 921 2907 nisidio
937 2850 1080 2921 scriptum,

278 2962 307 3010 el
317 2967 390 3023 saepe
403 2958 547 3006 tractatum
560 2946 650 3002 allerri
664 2954 800 3016 oportere.
813 2942 880 2999 Nam
893 2945 937 3015 qui
948 2942 1020 3015 apud
1032 2944 1081 3029 im-

280 3054 432 3118 peratorem
447 3042 539 3115 populi
553 3040 666 3096 lionraui
680 3039 745 3094 dicit
758 3055 790 3094 ιι
803 3046 935 3110 tempore,
950 3048 1079 3110 spirantum

1139 1916 1223 1971 lutam
1246 1924 1274 1971 ct
1298 1916 1429 1987 perditam
1451 1915 1623 1988 disciplinam
1644 1918 1747 1989 primus
1768 1916 1902 1985 relormarit,

1139 2006 1326 2081 immanesque
1350 2006 1512 2065 Gottborum
1537 2009 1630 2077 copias
1661 2010 1739 2065 Ponti
1767 2010 1870 2066 lancibus
1886 2020 1905 2066 ιι

1138 2101 1199 2157 istri
1223 2116 1271 2157 ore
1291 2112 1435 2173 proruptas
1458 2112 1530 2157 terra
1551 2102 1675 2174 marique
1699 2102 1810 2171 delerit;
1828 2102 1904 2159 uiuam

1137 2192 1290 2251 diuturnior
1302 2202 1439 2251 recreator
1460 2193 1611 2258 bominum,
1626 2210 1709 2265 quaem
1729 2195 1846 2253 maturior
1858 2194 1905 2251 doc

1138 2303 1197 2344 rum
1213 2302 1314 2345 eomes.
1327 2288 1454 2357 Quraruuis
1469 2288 1549 2358 igitur
1560 2286 1605 2343 ilic
1616 2288 1788 2345 felicissimus
1799 2289 1849 2345 uie
1859 2302 1905 2359 pro·

1138 2384 1209 2439 xima
1232 2382 1361 2453 religione
1375 2380 1529 2437 calcitratus
1542 2381 1648 2452 imperii
1662 2384 1703 2439 tui
1718 2383 1810 2440 natalis
1828 2383 1904 2438 trabea

1138 2484 1191 2543 tur,
1215 2476 1342 2547 quoniam
1368 2486 1393 2531 te
1416 2474 1468 2531 isto
1493 2474 1586 2530 lrabitu
1611 2476 1716 2547 primus
1740 2476 1849 2543 ornarit;
1865 2476 1905 2547 jaro

1137 2581 1226 2629 ιιιιιιιιι
1249 2572 1283 2628 ab
1304 2571 1351 2627 illo
1365 2570 1472 2641 pencris
1490 2582 1602 2627 auctore
1621 2571 1648 2626 in
1666 2580 1694 2629 te
1710 2572 1810 2644 imperii
1824 2571 1907 2627 lurtum

1135 2664 1285 2721 descendit.
1303 2663 1373 2733 Quriu
1387 2663 1444 2717 imo
1465 2672 1568 2734 patrem
1583 2673 1657 2718 ιιιιιιιι
1676 2664 1777 2736 ipsum,
1790 2674 1857 2721 retus
1874 2663 1907 2718 iila

1136 2758 1317 2829 imperatorin
1341 2756 1439 2812 domus
1464 2757 1640 2828 praerogatiua
1666 2760 1804 2828 provesin
1827 2758 1907 2829 etjam

1135 2868 1243 2910 sunumo
1256 2850 1351 2925 gradui,
1367 2860 1489 2921 utsupra
1505 2850 1686 2907 beuranarum
1698 2868 1786 2909 rerum
1797 2852 1844 2908 lats
1860 2866 1908 2907 rou

1135 2948 1257 3012 sistcrcs,
1277 2952 1337 3014 post
1351 2942 1419 2999 druos
1433 2942 1541 2999 lumilirc
1558 2951 1610 2999 tum
1630 2946 1767 3017 principes
1780 2944 1909 3001 tertiusim·

1133 3032 1251 3112 perator.
1275 3036 1345 3093 iuter
1360 3052 1466 3101 ornrres,
1481 3035 1602 3107 inquam,
1623 3037 1768 3109 participes
1789 3034 1908 3108 trajectis

278 3140 316 3197 sit
330 3157 383 3195 neu
403 3138 487 3195 sentit
505 3134 658 3205 imperium.
672 3131 729 3187 iiuc
742 3132 846 3187 accedit
858 3131 929 3204 quod
942 3131 999 3202 jam
1013 3132 1079 3187 satis
1094 3137 1117 3203 c
1133 3142 1185 3191 tuac
1198 3132 1250 3189 boc
1264 3130 1359 3197 babes,
1371 3129 1562 3197 Constantine,
1578 3130 1756 3201 praecipuum,
1772 3130 1836 3203 quod
1847 3130 1910 3199 impe·

280 3234 357 3290 multi
370 3240 445 3299 suut,
457 3230 505 3303 qui
524 3244 569 3285 me
582 3234 678 3299 putant
695 3226 806 3281 nimium
819 3224 902 3281 multa
918 3224 1053 3281 dicturum
1069 3242 1076 3279 :

278 3329 371 3402 idque,
385 3324 514 3393 arbitror,
531 3336 585 3379 riou
601 3336 633 3379 ex
650 3318 757 3392 tugurio
771 3331 843 3386 rneo,
856 3318 928 3391 quod
941 3320 1079 3378 mediocre

1133 3236 1207 3283 rator
1225 3240 1265 3291 es,
1283 3233 1409 3294 tantaque
1423 3232 1464 3278 est
1477 3222 1603 3277 nobilitas
1617 3222 1733 3295 oripinis
1748 3234 1806 3291 tua,
1821 3230 1847 3279 ιιι
1858 3220 1908 3275 nibil

1134 3319 1182 3377 tibi
1197 3314 1329 3374 addiderit
1345 3313 1455 3370 honoris
1473 3312 1627 3384 imperium,
1652 3328 1705 3372 nec
1725 3316 1806 3388 possit
1827 3313 1910 3371 iudum

938 3476 1121 3540 vsuloutttt
1141 3478 1257 3539 NOTAE.

315 3650 338 3707 i.
351 3648 427 3704 diem
439 3647 526 3702 inisto
539 3644 649 3700 duroto.
663 3642 693 3698 iss
703 3643 762 3698 aliis
771 3655 813 3699 est
825 3644 894 3699 dien
906 3643 975 3699 dieto
985 3648 1014 3700 in
1033 3646 1083 3701 isto

279 3724 391 3788 ciuitate,
406 3719 454 3775 sed
468 3716 592 3773 reculam
611 3716 693 3776 crasi,
708 3730 788 3787 quiam
803 3732 817 3772 a
832 3718 916 3771 ueteri
934 3718 1081 3789 exenrpluri

279 3797 376 3852 abesse
395 3792 431 3845 ιιὶι
448 3788 597 3857 Liuineius,
616 3798 643 3844 et
656 3800 717 3858 quse
730 3786 820 3858 reipsa
836 3788 1029 3846 obscuritatem
1040 3790 1081 3844 al·
1102 3840 1105 3847 .

277 3864 334 3923 lert
346 3862 500 3921 sententia.

314 3938 350 3993 ln
362 3937 411 3991 isto
424 3932 533 3988 sinitote.
548 3930 835 4002 opinortmuoreusi,
854 3929 931 3999 cuius
947 3939 1004 3986 tuns
1022 3931 1081 3987 dies

280 4010 378 4066 natabs
390 4004 578 4063 celebrabatur
588 4002 746 4059 utdicturus
759 4014 800 4059 est
814 4019 842 4058 ιι.
853 4002 899 4057 ii.

280 4136 284 4141 ,
316 4079 411 4136 lindie
422 4077 506 4133 erotis
519 4074 656 4129 transissem,
672 4072 700 4129 ld
717 4084 769 4142 est,
786 4074 922 4131 tierniuem
937 4088 1079 4145 progressa

278 4153 333 4224 jam
346 4161 374 4207 et
389 4160 492 4205 matura
507 4145 681 4217 erumpentis
690 4160 741 4216 epo
750 4162 820 4213 sum,
831 4146 1008 4214 extemporali
1019 4160 1081 4201 ora-

280 4224 362 4280 tionis
376 4234 476 4293 penero
494 4219 595 4273 utinen
611 4216 719 4273 debere.
734 4217 813 4273 AEtas
824 4217 910 4272 media
922 4216 1021 4271 dicitur
1035 4217 1080 4273 illa

278 4310 340 4367 quac
361 4303 403 4351 est
424 4291 496 4347 imer
515 4289 653 4358 jucernam
681 4299 709 4344 et
727 4298 875 4345 senectam.
896 4289 920 4344 Α
942 4289 1079 4344 tricesimo

279 4368 366 4423 lerruc
383 4364 499 4420 sumitur
517 4360 549 4415 ad
564 4359 798 4431 qrradrnpesimum
811 4374 924 4415 arsurum.
946 4360 1047 4425 lticitur
1064 4376 1079 4415 a

278 4436 370 4494 Tullio
383 4436 418 4492 de
435 4441 538 4489 serucct.
555 4430 681 4486 ibratos
704 4443 844 4498 constans,·
866 4430 901 4486 ab
914 4430 973 4485 aliis
997 4432 1075 4503 ἀκμὴ,

278 4511 368 4564 aetatis
382 4506 467 4578 rigor.

1136 3644 1237 3708 taurula,
1259 3658 1293 3699 au
1313 3643 1339 3698 iu
1360 3640 1486 3714 Bithynia
1511 3650 1600 3699 status.
1627 3642 1725 3699 Utrum
1754 3660 1787 3701 ea
1804 3642 1910 3714 Eutropia

1133 3714 1239 3773 Claudii
1254 3714 1424 3784 insperatoris
1438 3726 1484 3769 aut
1497 3713 1555 3784 ejus
1569 3714 1660 3770 fratris
1673 3716 1730 3773 ntia
1744 3728 1820 3773 uatus
1829 3718 1868 3774 sit.
1880 3718 1912 3773 Si·

1134 3790 1241 3858 quidem
1253 3788 1295 3843 uel
1308 3786 1477 3843 Constantini
1490 3785 1573 3855 ipsius
1586 3796 1711 3859 tempore
1723 3790 1750 3847 id
1759 3790 1910 3859 multisipuo·

1135 3869 1190 3916 tum
1206 3858 1287 3915 luisse
1297 3859 1335 3912 ait
1346 3856 1501 3914 Eumenius.

1169 3930 1321 3987 Gottlroruur
1336 3930 1434 3997 copias.
1449 3928 1575 3985 Claudius
1596 3929 1715 3987 bostium
1734 3934 1870 3991 exercitum
1885 3946 1910 3985 cs

1134 4001 1515 4072 rariisgeutibuscurussatrrm,
1533 4002 1648 4058 classem
1660 4005 1844 4077 ueroampiius
1854 4002 1910 4058 ruite

1133 4074 1246 4129 navibus
1262 4083 1430 4129 constantem
1451 4073 1528 4143 plane
1545 4072 1656 4130 deleuit.
1670 4077 1750 4132 Caesa
1768 4078 1793 4132 in
1811 4092 1840 4133 eo
1856 4074 1911 4129 bello

1133 4143 1293 4202 Gottburum
1313 4145 1474 4201 trecenteni
1496 4145 1542 4199 iuti
1563 4146 1658 4201 millia.
1675 4147 1817 4205 Trebellius
1832 4145 1910 4201 Pollio.

1132 4216 1167 4273 Et
1179 4218 1251 4272 ruumi
1266 4214 1374 4272 Claudio
1386 4216 1452 4288 lup.
1471 4160 1601 4273 darsiano.

1170 4288 1276 4343 iltiuorn
1289 4288 1444 4343 diuturnior.
1454 4286 1520 4343 Nam
1534 4288 1602 4345 duos
1617 4298 1722 4347 tantum
1732 4291 1911 4347 circitersnuos

1132 4358 1286 4429 imperarit,
1301 4374 1423 4428 nempea
1440 4358 1494 4415 kat.
1510 4373 1569 4431 apr.
1589 4375 1634 4416 au.
1651 4360 1720 4418 obi.
1736 4364 1799 4430 504,
1818 4363 1848 4419 ad
1866 4361 1908 4417 bri.

1133 4446 1194 4501 aug.
1210 4445 1254 4485 au.
1271 4430 1333 4487 ebe.
1345 4430 1467 4487 leuatus.

1170 4502 1291 4569 Quauruis
1301 4502 1354 4557 ille.
1368 4501 1470 4559 Sensus
1481 4512 1542 4559 est:
1558 4503 1687 4573 maronis
1702 4504 1910 4564 felicissimosille

266 4598 269 4602 ·
316 4579 377 4635 Nisi
386 4576 573 4645 diusoriptum.
585 4573 714 4645 Respexit
726 4587 773 4643 pru
785 4588 860 4630 more
869 4587 920 4629 suo
932 4571 1080 4629 Eumenius
1093 4542 1119 4604 D
1131 4572 1345 4644 inauguratiouis
1361 4586 1412 4629 ιιιιι
1425 4574 1493 4637 dics,
1508 4591 1603 4647 rruapna
1614 4578 1776 4647 populorum
1790 4593 1874 4649 pompa
1888 4584 1909 4630 et

279 4651 313 4706 ad
324 4653 410 4705 locum
422 4648 503 4703 'lualid
518 4662 565 4717 pro
579 4648 639 4717 iege
651 4645 740 4701 Martii.
756 4662 783 4700 n.
800 4644 834 4699 2:
847 4644 917 4698 Num
930 4658 988 4697 cum
1004 4654 1080 4699 ιιιιιιιι

280 4738 326 4792 per
338 4732 439 4777 etatem
453 4720 566 4774 nondum
586 4718 663 4790 liujus
678 4718 855 4771 nuncioritotnn
871 4716 920 4770 loci
933 4714 1080 4787 continpere

278 4794 401 4847 ιιιάιιιιιι
413 4807 422 4846 .·
436 4800 623 4860 statueremque
642 4787 707 4843 nilril
728 4788 787 4852 buc,
805 4790 854 4843 nisi
873 4786 1014 4857 perfectum
1035 4788 1077 4842 u'u·

278 4863 529 4936 perrio,eloborotuns
538 4862 665 4916 industria
675 4859 763 4927 afferri
775 4870 902 4929 oportere,
917 4869 969 4913 ιιι.

319 4934 467 4991 Orationem
474 4949 558 4986 uteom
567 4931 663 5003 respui.
675 4932 778 5002 Legunt
787 4931 833 4987 alii
845 4931 983 4984 orationem
993 4946 1077 4986 uncam

280 5006 434 5072 desiderari,
449 5003 495 5058 alii
508 5002 612 5074 requiri,
629 5006 673 5058 alii
695 5004 794 5057 bucnero
807 5019 870 5070 esse,
888 5018 966 5071 purum
979 5004 1075 5075 respui,

279 5078 372 5143 idest,
386 5092 465 5159 quarn
481 5076 569 5139 renuti,
585 5085 724 5143 propterea
734 5074 805 5145 quod
820 5074 929 5130 tedium
945 5075 1021 5129 vebis
1038 5076 1077 5129 al·

279 5149 351 5205 ierat
360 5150 405 5203 alis
417 5145 520 5215 respici,
532 5145 558 5199 id
568 5154 610 5199 cst
618 5146 777 5216 urraguilieri.

314 5220 408 5291 ltaque
420 5219 540 5289 primurn.
549 5216 666 5283 Hocest,
680 5234 795 5289 puaruea
808 5219 919 5291 priurtum
931 5230 1005 5291 purte
1015 5234 1076 5273 ora-

277 5293 372 5347 tionem
382 5292 542 5351 construimur,
555 5288 635 5358 quod,
646 5299 699 5343 etc.

275 5361 480 5491 Mlrroictissimi
509 5359 646 5430 principos.
672 5359 873 5430 Constantinus,
902 5361 1021 5418 Licinius
1049 5370 1078 5419 el

301 5449 446 5491 ariminus.

1131 4645 1324 4701 acclamatione
1342 4644 1493 4701 celebratus
1512 4648 1565 4713 sit;
1590 4656 1684 4719 tuusque
1708 4664 1813 4719 imperu
1833 4650 1910 4705 uanius
1965 4664 1966 4711 ι

1131 4730 1190 4771 eam
1201 4716 1236 4772 ub
1246 4732 1301 4772 rem
1316 4716 1456 4783 habentur,
1471 4718 1542 4788 quod
1558 4725 1613 4773 turm
1628 4721 1747 4791 primum
1759 4719 1910 4792 imperatorio
1965 4728 1966 4789 t

1131 4787 1224 4843 babitu
1235 4798 1345 4845 ornatus
1356 4788 1490 4858 prodieris
1500 4808 1506 4839 ι
1516 4790 1572 4857 jam
1583 4802 1672 4847 tarruen
1682 4802 1763 4847 antea
1775 4793 1910 4849 aConstau·
1965 4790 1966 4837 ἕ

1132 4860 1169 4914 tio
1181 4870 1226 4914 tuo
1237 4870 1348 4930 parente
1359 4860 1507 4931 imperandi
1518 4861 1574 4930 jus,
1585 4870 1613 4917 ιι
1625 4862 1762 4919 lurtumaru
1775 4876 1907 4935 acceperas.

1128 4928 1251 4986 Burtluus
1267 4932 1366 4988 inserta
1381 4931 1476 4986 rocula
1499 4933 1572 5003 legit,
1592 4933 1646 4989 dies
1661 4936 1714 4991 diis
1731 4937 1845 5008 proeium
1860 4932 1909 4989 reli·

1128 5004 1203 5075 piane
1215 5002 1363 5058 celebratur.
1382 5006 1525 5059 biiuersar.
1537 5006 1598 5060 libr.
1612 5022 1666 5069 stu,
1677 5022 1704 5064 c.
1722 5009 1751 5065 ll.
1965 5006 1966 5011 ’

1166 5073 1235 5142 Quin
1246 5076 1307 5129 imo.
1323 5076 1380 5131 luno
1392 5085 1419 5131 et
1428 5076 1615 5133 coruscantium
1627 5089 1727 5135 uestrre
1741 5080 1831 5136 domui
1844 5076 1910 5133 tradi·

1129 5154 1183 5200 ιιιιιι
1199 5148 1233 5201 ab
1244 5162 1276 5201 eu
1292 5158 1412 5217 teurpore
1420 5148 1464 5216 jus
1477 5147 1584 5217 imperii
1599 5147 1631 5204 ad
1646 5165 1708 5205 euru
1720 5150 1847 5208 bonorem
1858 5162 1908 5221 pro-

1130 5217 1215 5280 uenit,
1229 5228 1257 5271 ιιι
1272 5229 1330 5287 post
1343 5218 1411 5273 druos
1423 5216 1531 5274 lanriiisc
1542 5229 1605 5284 tuas,
1621 5236 1721 5293 ucmpc
1743 5220 1875 5280 Claudium
1889 5227 1911 5275 et

1129 5290 1314 5345 coruscantium
1327 5288 1421 5346 tertius
1435 5290 1581 5353 imperaror
1591 5290 1679 5348 lieres.

1166 5362 1242 5426 Quod
1254 5360 1399 5431 irruperoror
1412 5377 1448 5417 es.
1469 5360 1498 5418 id
1511 5372 1562 5429 est,
1574 5363 1644 5431 quod
1656 5380 1684 5420 re
1697 5364 1758 5435 ipsa
1770 5367 1908 5437 insuperator,

1128 5444 1155 5487 ct
1169 5432 1240 5502 rpurrd
1261 5432 1361 5489 lralseas
1378 5449 1392 5487 o
1413 5442 1508 5489 natura
1523 5442 1551 5493 ut
1566 5434 1714 5505 imperator
1725 5439 1776 5494 sis.
1792 5437 1910 5492 Lubentcr

314 5506 447 5563 Celebroro
461 5503 671 5577 praesentandis
683 5503 725 5559 luis
739 5502 1073 5561 uerbisbuucorationem
1126 5506 1248 5560 voculam
1265 5500 1494 5576 adderem,'qu:un
1509 5505 1602 5562 deesse
1618 5508 1749 5577 suspicati
1774 5518 1835 5564 suun
1850 5506 1909 5560 Liui·

276 5593 367 5635 coram
377 5577 552 5636 Constantino
564 5576 683 5631 babilam
694 5574 777 5630 luisse
789 5585 871 5644 pauet.

1124 5578 1201 5631 ricius
1210 5587 1236 5631 et
1245 5573 1392 5633 antestius.
1403 5576 1481 5645 Quod
1490 5578 1714 5648 irnperotoruotsss
1720 5596 1758 5635 es.
1770 5579 1833 5637 Nam
1842 5574 1909 5651 paulo

311 5650 343 5707 tt.
356 5648 603 5707 l'ormssenesciunt.
614 5646 689 5703 liaud
698 5644 825 5701 mirumsi
835 5644 990 5702 laudiciutcr
1000 5646 1072 5702 uirus
1123 5656 1200 5718 post:
1219 5647 1360 5721 inoperium
1372 5650 1503 5706 noscendo
1515 5650 1641 5707 rrueruimi.
1662 5650 1717 5708 Sed
1733 5650 1812 5711 deest
1823 5647 1909 5708 rutena

270 5722 370 5782 doctos
384 5721 569 5781 corutrorersia
587 5727 631 5777 est
648 5727 735 5777 atrurn
751 5716 945 5776 Curastantinus
964 5720 991 5776 iu
1010 5719 1070 5775 Bri-
1121 5718 1222 5779 codiois
1234 5721 1392 5781 auctoritas.
