3975 6292
142 248 218 306 ιιι
588 242 919 306 noooutrtsrttnuu
939 240 1125 306 ntsronttu
1145 241 1388 311 rnnrtnaurut.
1424 252 1427 263 ¹
1762 256 1816 315 on

163 372 282 439 ruptum.
298 360 413 420 bomine
426 362 490 420 iesu
502 358 621 430 Christe,
634 360 782 419 Christiani
795 376 901 430 sumus,
916 359 963 417 tibi
977 364 1003 427 Α
1016 376 1097 435 qnam
1120 362 1240 420 breviter
1259 364 1415 438 postulauit.
1441 366 1563 441 lienique
1585 383 1646 425 tnou
1670 372 1816 442 proconsul

162 458 316 527 servimns;
330 465 358 514 tu
373 470 403 514 es
422 469 485 529 spes
500 464 594 514 nostra
608 498 616 523 ,
629 462 657 511 tu
671 468 701 513 es
715 470 777 529 spes
797 452 964 512 Christiano-
1017 468 1107 515 mente
1127 472 1276 527 concussa,
1300 459 1390 533 lingua
1410 460 1518 519 nolente
1539 476 1649 535 parcere
1670 464 1814 538 prosilivit.

162 564 235 609 rum.
252 550 324 608 licus
336 550 526 619 sanctissime,
541 550 613 605 bens
625 549 773 616 altissime,
789 546 861 604 Deus
873 548 963 604 omni·
1017 548 1164 609 Cessavere
1184 550 1335 609 carrriltces.
1355 550 1408 611 Fas
1422 555 1493 611 enlm
1511 569 1564 612 non
1586 565 1645 611 erat
1666 568 1815 631 martyrem

162 652 278 719 potens,
293 644 342 701 tibi
364 644 457 702 laudes
470 658 519 717 pro
534 642 645 699 nomine
659 649 706 699 tuo
718 642 833 715 agimus.
849 640 899 698 Cui
920 651 963 698 ta·
1016 642 1118 700 Christi
1134 647 1161 700 in
1175 647 1363 721 commartyris
1374 662 1430 703 suae
1444 648 1570 705 Victoriae
1591 648 1671 706 causa
1684 650 1814 727 torqueri.

126 758 129 766 ·
161 738 198 796 lia
210 738 299 796 oranti
314 754 375 795 curn
390 754 406 795 a
425 736 535 795 diabolo
547 752 597 809 per
607 735 726 809 judicem
740 736 888 805 diceretur,
902 751 964 792 cus·
1016 738 1138 823 Namque
1157 754 1217 795 cum
1240 750 1335 798 contra
1350 756 1412 798 enm
1426 743 1505 799 etiam
1528 739 1708 815 Pompeianus
1728 744 1816 817 suspi-

159 834 251 891 todire
265 842 293 889 te
314 832 436 905 oportuit
447 831 601 904 jussionem
619 829 814 901 Imperatorum
833 839 861 885 et
874 827 965 885 (laesa-
1016 833 1102 889 cionis
1125 833 1240 907 indignae
1260 850 1348 892 savus
1370 844 1512 894 aecusator
1530 839 1691 910 accederet,
1714 840 1816 899 calum-

160 944 239 995 rum,
252 927 399 998 defatigato
410 927 466 1000 jam
489 941 618 998 corpore,
644 923 707 981 lorti
727 934 808 995 atque
828 924 964 981 constanti
1016 924 1174 1001 niosamque
1188 928 1367 1001 conjungeret
1382 930 1537 999 actionem,
1552 929 1696 1005 despectus
1712 948 1726 987 a
1741 948 1814 988 mar-

160 1034 290 1077 sermone
303 1020 390 1077 rictor
401 1021 492 1076 animo
503 1018 693 1092 proclamavit:
708 1016 767 1073 Non
780 1032 847 1073 curo
860 1016 911 1074 nisi
925 1018 964 1074 le·
1017 1028 1075 1093 tyre
1088 1031 1130 1079 est
1139 1032 1165 1079 et
1181 1038 1335 1097 percussus.
1346 1021 1415 1095 Quid
1428 1023 1483 1097 agis
1498 1024 1549 1082 lanc
1564 1025 1590 1081 in
1604 1026 1674 1093 loco,
1689 1024 1816 1083 diabolo?

159 1128 224 1187 gem
248 1113 316 1180 bei,
340 1128 420 1186 quam
436 1112 530 1170 didici.
555 1112 643 1186 lpsam
667 1112 809 1180 custodio,
832 1125 883 1185 pro
904 1112 963 1184 ipsa
1016 1112 1086 1183 Quid
1096 1124 1188 1171 contra
1200 1125 1331 1191 martyres
1344 1115 1443 1175 Cluristl
1459 1114 1547 1173 adhue
1560 1133 1644 1191 usque
1658 1118 1816 1176 eonartstn

160 1206 275 1277 moriar,
302 1204 329 1263 itt
344 1208 401 1280 ipsa
425 1222 591 1275 consumor,
616 1216 714 1279 praeter
737 1221 818 1279 quarn
843 1224 897 1264 uon
921 1217 963 1265 cst
1014 1206 1146 1265 Senatore
1160 1207 1267 1265 Domini
1282 1225 1314 1266 ac
1327 1218 1446 1283 martyre
1458 1218 1486 1267 ιι
1501 1220 1620 1286 potestas
1639 1210 1719 1267 simui
1735 1225 1761 1268 et
1776 1210 1816 1267 lo-

159 1298 246 1356 aliud.
262 1295 373 1357 Talibus
387 1301 478 1372 itaque
492 1298 572 1357 dictis
585 1297 776 1371 gloriosissimi
794 1300 922 1374 martyris
936 1301 963 1360 in
1015 1301 1105 1359 censis
1120 1300 1210 1360 rabies
1233 1312 1358 1375 superata
1376 1314 1428 1363 est.
1445 1300 1500 1361 Sed
1524 1303 1692 1361 clarissimus
1714 1315 1817 1381 martyr

158 1395 217 1450 suis
232 1393 378 1450 tormentis
390 1394 478 1467 magis
492 1395 550 1465 ipse
563 1393 696 1451 bnttlinus
710 1393 899 1467 torquebatur:
914 1412 963 1452 cu·
1015 1396 1096 1452 etiam
1110 1411 1159 1467 pro
1172 1394 1281 1452 Christo
1296 1406 1383 1453 tortus
1396 1439 1403 1465 ,
1418 1412 1478 1454 cum
1492 1398 1672 1471 interrogatus
1687 1406 1775 1456 utrum
1789 1398 1814 1453 iu

155 1484 202 1558 y'us
218 1483 326 1543 tandem
341 1484 432 1543 rabies
446 1484 586 1544 ferocitate
601 1488 740 1558 saginata,
763 1498 857 1561 postea
871 1489 962 1545 reclu-
1015 1490 1128 1546 collecta
1151 1488 1265 1558 luisset,
1280 1487 1451 1561 protiteretur
1481 1499 1639 1547 constanter
1661 1500 1690 1547 ιι
1712 1488 1816 1547 diceret

157 1594 221 1637 snm
235 1580 262 1637 itt
275 1590 402 1651 carcere,
414 1582 542 1654 passione
559 1579 722 1655 condignum
736 1592 884 1657 martyrem
898 1583 961 1640 des·
1016 1596 1078 1639 cum
1092 1582 1205 1638 collecta
1221 1580 1315 1638 luisset
1336 1596 1366 1637 se
1386 1582 1577 1653 supervenisse
1602 1592 1629 1639 et
1649 1580 1814 1639 dominicum

157 1674 265 1733 tiuarit.
402 1662 407 1669 ’
1015 1690 1077 1732 curn
1090 1672 1218 1731 iratribus
1229 1689 1348 1747 congrua
1360 1672 1500 1747 religionis
1510 1673 1654 1731 devotione
1663 1672 1816 1749 celebrasse

195 1768 228 1829 ι’.
245 1765 311 1826 Post
322 1766 396 1827 bunc
409 1768 520 1826 bativus
534 1784 550 1826 a
565 1769 680 1827 Domino
693 1768 721 1826 in
741 1768 892 1827 certarnine
905 1771 960 1828 cri·
976 1768 1002 1832 B
1015 1781 1208 1841 auctoremque
1222 1766 1343 1839 ejusdem
1358 1766 1526 1825 collectionis
1539 1768 1718 1825 sanctissimae
1731 1783 1815 1829 unum

156 1862 242 1939 gitur,
255 1862 303 1936 qui
314 1858 433 1921 Tltelicae
445 1863 479 1919 ad
494 1862 670 1920 fortissimum
685 1862 810 1937 praelium
824 1860 858 1919 de
868 1862 962 1936 proxi·
1015 1861 1115 1931 luisse,
1128 1862 1155 1918 in
1171 1877 1231 1925 sese
1251 1876 1345 1917 rursus
1358 1862 1548 1933 proconsulem
1564 1862 1654 1918 acrius
1668 1860 1813 1929 excitavit,

156 1973 206 2016 ιιι
227 1957 387 2030 conjunctus
402 1966 461 2014 cst:
477 1956 523 2029 qui
545 1972 608 2013 cum
632 1956 777 2028 pendendo
797 1954 824 2012 in
846 1958 963 2029 equuleo
1015 1956 1092 2028 cujus
1103 1952 1313 2013 recrudescente
1326 1954 1448 2023 saevitia,
1467 1955 1602 2030 geminata
1615 1956 1742 2033 martyris
1755 1953 1815 2027 dig-

156 2061 310 2123 extensus,
324 2068 355 2111 se
370 2065 439 2109 voce
461 2050 561 2125 saepius
582 2050 697 2125 repetita
711 2048 889 2110 christianum
901 2066 963 2111 esse
1014 2054 1085 2107 nitas
1098 2047 1194 2108 iterato
1206 2050 1314 2123 ungulis
1331 2048 1498 2107 sulcantibus
1513 2047 1697 2107 maratonii
1713 2060 1815 2125 martyr

157 2155 188 2204 et
210 2137 351 2201 collectam
372 2143 470 2201 iecisse
495 2143 602 2200 lortiter
623 2144 825 2217 proclamaret,
849 2146 962 2203 emersit
1014 2147 1049 2203 ad
1063 2146 1204 2205 vulnerum
1229 2146 1364 2203 cruciatus
1385 2142 1552 2201 sanissimos
1574 2145 1715 2219 pristinam
1737 2159 1815 2203 suant

156 2236 340 2295 sanctissima
354 2234 482 2294 Victoriae
498 2236 626 2309 martyris
640 2233 735 2303 irater,
747 2237 790 2293 ιιι
801 2252 867 2293 sane
886 2247 961 2311 toga·
1014 2250 1141 2315 repetens
1156 2240 1326 2310 orationem,
1341 2238 1433 2313 Rogo,
1457 2237 1511 2306 atr,
1525 2232 1653 2305 cheae,
1677 2253 1731 2295 110„
1745 2253 1813 2295 cop.

156 2342 224 2404 tus,
246 2329 294 2390 sed
308 2348 322 2389 a
347 2327 486 2403 religionis
509 2322 665 2387 christianae
688 2323 861 2387 sanctissimo
883 2331 960 2387 cultu
1013 2333 1121 2393 fundar.
1137 2332 1206 2405 Quid
1220 2332 1291 2389 leci?
1307 2332 1469 2397 Saturninus
1483 2340 1525 2388 est
1538 2331 1680 2403 presbyter
1692 2340 1793 2389 niuster.

155 2425 226 2499 ipsis
238 2419 407 2498 temporibus
420 2424 543 2493 alienus;
560 2422 604 2497 qni
620 2437 781 2497 suspensum
797 2421 822 2478 in
845 2422 961 2495 equuleo
1051 2424 1106 2483 illl.
1131 2425 1217 2497 lluy'us
1231 2441 1291 2481 cnm
1315 2414 1422 2493 latera,
1444 2424 1505 2481 duri
1520 2424 1657 2497 trucisque
1679 2424 1813 2511 carnilicis

157 2528 307 2593 martyrem
324 2518 442 2589 prolenis
464 2514 577 2573 uocibus
600 2512 732 2572 hactenus
746 2508 897 2589 arguebat:
911 2514 962 2573 ilic
1013 2518 1140 2591 magistra
1164 2518 1326 2575 crudelitate
1359 2526 1545 2585 monstrante,
1571 2514 1685 2573 aduncis
1705 2514 1814 2591 ungulis

156 2620 202 2671 est
213 2655 221 2682 ,
234 2608 291 2683 ait,
315 2612 427 2669 botuine
440 2654 448 2681 ,
461 2610 506 2685 qui
522 2625 571 2685 per
582 2609 733 2669 absentiam
756 2609 839 2681 patris
853 2610 959 2682 nostri,
1012 2612 1180 2681 raderentur,
1196 2611 1357 2671 Saturninus
1372 2612 1513 2687 presbyter
1526 2608 1561 2667 ad
1584 2608 1705 2682 praelium
1719 2619 1812 2694 quostq-

156 2705 238 2762 nobis
254 2701 298 2761 ιιι
320 2704 507 2772 studentibus,
521 2718 643 2759 sororem
666 2712 787 2758 nostram
811 2700 960 2759 Victoriam
1013 2706 1084 2763 latur
1096 2724 1102 2762 ι
1114 2706 1160 2779 qui
1174 2707 1292 2764 coelestis
1306 2707 1381 2779 regni
1394 2696 1622 2779 contemplatione
1636 2699 1813 2763 considerans

155 2798 310 2867 seducens,
328 2796 391 2853 ltine
405 2796 439 2853 de
461 2792 680 2871 splendidissima
693 2791 865 2868 Carthaginis
889 2795 959 2852 civi·
1012 2814 1094 2871 parva
1113 2798 1258 2857 admodum
1272 2814 1304 2857 ac
1324 2797 1395 2855 levia
1407 2813 1471 2857 suos
1483 2784 1680 2871 commartyras
1693 2797 1812 2855 sustiue-

156 2901 215 2949 tate
228 2908 280 2949 una
302 2906 363 2949 cum
379 2889 505 2948 Secunda
520 2898 548 2946 et
569 2890 707 2947 Restituta
726 2890 760 2945 ad
773 2889 959 2946 diutinensem
1012 2908 1060 2961 re,
1077 2892 1204 2965 congredi
1227 2892 1307 2949 etiam
1330 2892 1388 2964 ipse
1404 2892 1493 2949 taliter
1506 2890 1600 2963 coepit.
1617 2877 1683 2947 dnn
1705 2890 1812 2952 dicente

155 2985 294 3043 coloniam
317 2998 410 3041 seeum
424 2998 508 3054 usque
532 2982 676 3055 percunt,
689 2982 790 3056 quique
813 2999 959 3053 numquam
1012 2987 1194 3061 proconsule,
1218 2988 1258 3051 'lu
1278 2998 1374 3045 contra
1394 2987 1546 3059 jussionem
1568 2987 1764 3059 imperatorum
1785 2995 1813 3041 et

92 3112 99 3118 -
155 3068 269 3135 domurn
282 3085 401 3136 nostram
417 3078 557 3149 ingressus
578 3085 621 3133 est
633 3074 685 3135 nisi
701 3085 766 3132 tunc
778 3076 886 3150 quando
900 3074 961 3148 qni·
1013 3082 1150 3141 cesarum
1166 3080 1270 3149 iecisti,
1293 3088 1324 3137 ut
1345 3080 1393 3135 ιιι
1407 3094 1502 3135 omnes
1521 3078 1683 3150 colligeres,
1699 3092 1813 3149 respon·

153 3171 272 3229 busdam
295 3172 517 3245 persuasionibus
532 3170 667 3243 puellares
689 3170 794 3226 animos
817 3170 957 3229 illiciebat.
972 3166 996 3233 C
1012 3176 1051 3233 dit
1075 3176 1215 3248 presbyter
1237 3173 1420 3243 Saturninus,
1448 3170 1556 3230 llovului
1588 3171 1689 3243 Spiritu
1715 3184 1811 3243 sugge-

155 3268 214 3327 Sed
229 3284 283 3325 non
298 3268 358 3325 tulit
370 3266 489 3325 Victoria
499 3266 649 3323 clarissittta
665 3272 767 3339 tttarlyt
782 3264 890 3320 Domini
903 3262 960 3320 001-
1013 3282 1089 3327 rente
1102 3285 1233 3327 secturus:
1252 3268 1420 3327 iltrntiuicum
1440 3266 1647 3342 celebravimus.
1665 3258 1812 3333 Procottsul

154 3365 245 3436 legana
258 3371 285 3420 et
298 3372 506 3437 commartyrem
519 3376 597 3418 suum
608 3360 677 3416 laiso
686 3360 775 3432 appeti
788 3357 957 3428 Senatorem,
1011 3363 1067 3421 ait:
1088 3362 1198 3431 ornaret
1214 3360 1381 3433 Respondit:
1398 3360 1466 3431 Quia
1484 3376 1537 3422 non
1562 3368 1652 3431 potest
1671 3358 1812 3416 intermitti

154 3458 306 3529 statimque
318 3456 464 3513 christiana
483 3455 608 3511 libertate
630 3468 820 3525 prorumpens,
832 3452 957 3520 Nullius,
1012 3452 1253 3525 dominicumssui
1274 3470 1338 3513 mox
1354 3464 1382 3511 ut
1401 3453 1460 3509 ιιιι
1473 3452 1559 3521 dixit,
1574 3463 1667 3542 coquo
1688 3449 1811 3510 [lativum

155 3550 246 3622 inquit
258 3588 266 3618 ,
278 3550 454 3621 persuasione
469 3549 587 3621 proiecta
607 3562 684 3617 sum,
700 3561 750 3602 noc
768 3560 830 3602 cum
846 3546 906 3617 ipso
926 3544 960 3601 ad
1011 3549 1103 3605 statim
1115 3548 1193 3621 jubet
1204 3546 1300 3620 aptari.
1323 3545 1469 3618 Spectabat
1484 3546 1586 3604 interea
1606 3546 1715 3603 bativus
1728 3546 1812 3603 lrtrtia-

155 3642 345 3703 Alutinensem
366 3642 500 3700 coloniam
521 3640 594 3697 veni.
618 3640 675 3696 lloe
690 3653 799 3710 possum
815 3654 863 3710 per
886 3636 960 3695 cives
1012 3650 1101 3699 menta
1122 3640 1244 3713 corporis
1261 3644 1303 3699 sui
1317 3642 1489 3713 potiusquam
1505 3640 1628 3707 dolebat,
1644 3648 1672 3697 ιι
1686 3640 1763 3711 cujus
1776 3638 1810 3697 od

154 3734 285 3809 probare.
295 3734 392 3793 (imula
407 3750 466 3792 mea
480 3744 576 3807 sponte
595 3743 677 3806 atque
692 3732 831 3789 voluntate
846 3730 959 3802 perfeci.
1012 3735 1156 3792 Dominum
1175 3750 1253 3793 mens
1265 3734 1425 3807 animusque
1439 3732 1589 3805 pendebat,
1602 3720 1669 3787 niitil
1688 3730 1811 3789 dulnrent

154 3828 225 3886 llam
239 3838 267 3886 et
280 3830 307 3885 iu
320 3828 433 3886 collecta
447 3828 504 3897 lui,
522 3837 549 3883 et
564 3826 730 3884 dominicum
746 3841 807 3881 cum
830 3823 961 3882 iratribus
1012 3830 1134 3901 corporis
1145 3828 1312 3897 aestimabam
1329 3827 1376 3885 sed
1393 3836 1495 3884 trintum
1519 3824 1663 3883 bertuinum
1678 3824 1811 3898 precaba·

155 3920 548 3996 celebravi,quiacl1ristiana
568 3936 638 3977 sant.
654 3920 732 3977 Tunc
750 3916 894 3991 impudens
910 3917 960 3973 ad·
1012 3936 1055 3981 ιιι
1068 3922 1181 3979 dicens:
1201 3920 1332 3989 Subveni,
1353 3936 1431 3993 rogo,
1446 3918 1563 3989 Christe,
1586 3919 1656 3977 trabe
1670 3917 1809 3991 pietatem,

156 4026 269 4077 vocatus
285 4014 430 4075 maledicta
443 4015 624 4087 exaggerabat
639 4015 667 4071 in
677 4024 833 4087 martyrem.
851 4012 887 4069 ιιι
898 4026 961 4070 ιιι·
1011 4030 1089 4073 serva
1104 4015 1222 4071 animant
1237 4028 1347 4082 meam,
1363 4013 1468 4071 custodi
1485 4013 1610 4085 spiritum
1632 4026 1722 4069 meunt
1734 4053 1744 4079 ,
1757 4024 1811 4069 unu

157 4122 200 4170 tra
214 4122 317 4183 martyr
328 4110 463 4184 gloriosus
476 4107 510 4166 de
523 4109 641 4181 equuleo
653 4115 751 4166 cuvtcta
769 4120 833 4165 vcra
847 4118 961 4177 respon·
1011 4108 1171 4165 confundar.
1183 4108 1270 4181 Rogo,
1287 4105 1395 4165 Christe
1406 4150 1414 4175 ,
1425 4107 1460 4163 da
1473 4105 1669 4165 sufferentiam.
1687 4101 1736 4161 Cui
1750 4101 1811 4161 cuni

155 4207 236 4265 sione
247 4200 379 4261 solvebat.
1013 4216 1027 4259 a
1044 4204 1207 4275 proconsule
1222 4201 1366 4269 diceretur,
1387 4201 1427 4257 Ex
1440 4200 1491 4259 bac
1507 4198 1726 4273 splendidissima
1745 4198 1811 4253 ciri-

193 4300 240 4360 vt.
254 4300 328 4357 luter
345 4300 403 4355 ιιι
417 4295 553 4354 ιιιιιιιι
567 4294 730 4363 ardescens,
744 4293 830 4365 premi
846 4292 961 4365 ungulas
1013 4303 1067 4355 tate
1082 4297 1167 4370 magis
1179 4296 1311 4353 debueras
1321 4296 1389 4353 alios
1399 4295 1433 4351 ad
1446 4294 1543 4353 bonam
1558 4302 1678 4352 mentem
1692 4306 1810 4361 vocate,

155 4398 186 4455 5¹¹
207 4401 354 4467 ιιιιῑιιθῐι
365 4391 454 4465 jubet.
470 4390 567 4449 Statim
582 4387 724 4457 carnifices
737 4384 809 4442 nudi
821 4399 960 4458 pracpara-
1012 4401 1041 4453 ct
1053 4408 1108 4451 nou
1124 4400 1218 4449 eontra
1231 4401 1365 4465 praecepta
1379 4390 1572 4464 imperatorum
1582 4396 1611 4445 et
1622 4384 1762 4445 mauron
1773 4384 1812 4443 la·

156 4504 241 4563 taque
261 4488 362 4545 ictibus
376 4487 462 4544 latera
475 4485 596 4543 cruentis
609 4481 767 4540 vulneribus
786 4482 957 4537 invenerunt.
1013 4502 1093 4557 cere,
1107 4485 1204 4545 lortius
1223 4498 1303 4560 atque
1321 4486 1489 4544 constantius
1511 4483 1694 4543 acclament:
1714 4480 1811 4539 cusis.

157 4579 329 4644 advolabant
344 4589 432 4640 truces
445 4581 473 4637 iu
491 4594 586 4639 uranus
600 4578 683 4652 jussis
693 4576 850 4645 velocibus,
866 4590 957 4634 scere·
974 4568 1100 4639 Dtianus
1111 4596 1181 4639 sum.
1195 4581 1252 4653 Qua
1268 4596 1334 4639 voce
1347 4579 1472 4639 diabolus
1486 4585 1644 4649 superatur,
1659 4574 1813 4659 Perceia-

159 4691 240 4753 taqne
253 4676 387 4750 pectoris,
409 4674 524 4747 diruptis
536 4674 645 4732 cutibus
658 4671 863 4744 visceribusque
874 4670 960 4728 divul-
1012 4674 1079 4747 quit.
1094 4673 1234 4745 Simulque
1249 4674 1323 4731 illum
1343 4673 1371 4729 in
1388 4686 1525 4729 carcerem
1549 4668 1675 4737 tmdetts,
1692 4664 1812 4741 passioni

158 4772 216 4846 sis,
228 4768 353 4827 nefandis
371 4768 527 4841 aspectibus
548 4764 725 4839 prolanorum
739 4764 838 4821 annixa
860 4764 960 4821 crude·
1012 4765 1153 4839 condignae
1167 4776 1312 4839 martyrem
1331 4766 1490 4823 reseruarit.

158 4868 237 4924 litate
255 4864 421 4939 pandebant.
433 4863 579 4921 lrtterdaec
596 4862 724 4937 martyris
743 4875 821 4921 meus
835 4860 961 4918 immohi·
1050 4857 1118 4917 tttt.
1134 4858 1169 4915 ιιι
1181 4872 1246 4915 vero
1269 4857 1413 4931 presbyter
1434 4858 1597 4917 Saturninus
1616 4858 1717 4917 recenti
1738 4870 1811 4913 mar·

159 4962 214 5028 lis;
227 4968 255 5017 ιι
269 4960 333 5016 licet
345 4957 468 5015 membra
480 4965 649 5031 rumpantur,
663 4954 829 5013 divellantur
842 4955 960 5021 viscera,
1014 4960 1104 5025 tyrum
1118 4954 1249 5024 sanguine
1260 4952 1406 5023 delibutus,
1423 4969 1484 5011 cnm
1500 4954 1631 5027 penderet
1641 4957 1668 5011 in
1679 4954 1810 5024 equuleo,

159 5052 245 5111 latera
269 5049 452 5123 dissipentur,
467 5050 574 5108 animus
597 5057 687 5107 tamen
709 5048 836 5121 martyris
856 5050 963 5120 integer
1013 5046 1210 5105 admonebatur
1230 5047 1257 5103 in
1285 5062 1379 5105 eorum
1408 5047 1460 5106 lide
1480 5050 1626 5120 persistere
1647 5048 1675 5103 in
1697 5062 1812 5119 qnorum

159 5144 391 5213 ittcoucttssusque
415 5142 555 5217 perdurat.
588 5140 709 5215 [lenique
741 5139 961 5220 dignitatisysnaa
1015 5156 1112 5199 cruore
1136 5142 1283 5213 perstabat.
1318 5142 1367 5201 llic
1393 5159 1455 5201 cum
1483 5144 1693 5215 interrogaretur
1722 5150 1814 5199 utrum

159 5251 267 5295 mentor
282 5236 391 5294 bactrus
402 5276 412 5303 ,
422 5236 468 5311 qui
479 5246 507 5293 et
518 5235 645 5305 Senator,
660 5235 706 5291 tali
719 5248 786 5291 voce
800 5248 896 5307 preces
908 5232 960 5289 Do·
1015 5244 1108 5291 auctor
1137 5234 1195 5306 ipse
1221 5242 1294 5293 esset
1308 5244 1335 5293 et
1349 5250 1444 5295 omnes
1459 5236 1517 5307 ipse
1533 5233 1697 5301 atlunasset‚
1722 5240 1750 5291 et
1769 5231 1812 5289 di-

159 5331 237 5387 mino
251 5329 302 5387 sub
311 5330 439 5387 carnidec
453 5329 575 5387 rabiente
588 5328 719 5386 londebat
729 5345 736 5383 :
747 5327 770 5385 0
783 5326 893 5385 Christo
906 5328 961 5384 Do·
1015 5335 1090 5387 cerer
1106 5347 1112 5385 ι
1129 5328 1234 5397 Etiam,
1249 5345 1299 5402 ego
1312 5344 1432 5401 praesens
1446 5330 1474 5387 itt
1484 5330 1597 5387 collecta
1612 5328 1662 5399 lui,
1678 5328 1814 5387 littteritus

160 5422 235 5481 mine
247 5458 256 5491 ,
270 5437 326 5481 nou
338 5420 499 5481 confundar.
519 5421 566 5480 llis
588 5422 686 5491 dictis,
705 5421 876 5479 beatissimus
889 5436 961 5480 mar·
1015 5422 1101 5483 lector
1122 5422 1157 5481 nd
1171 5434 1307 5483 certamen
1327 5424 1458 5493 eailietvs,
1482 5423 1675 5497 congrediente
1697 5423 1813 5495 prosby-

161 5525 205 5589 tyr
223 5514 327 5589 quoda
349 5514 465 5575 bomine
482 5526 658 5589 poposcerat,
682 5524 735 5573 tam
760 5512 840 5573 lacile
861 5515 961 5571 meruit
1016 5524 1075 5575 tero
1092 5536 1098 5575 ι
1116 5518 1173 5590 ligo
1190 5532 1250 5573 sum
1266 5527 1374 5587 auctor,
1390 5516 1487 5590 inquit,
1503 5518 1532 5575 in
1550 5517 1628 5588 eujus
1654 5515 1736 5573 domo
1753 5514 1814 5571 col·

842 5607 982 5670 BbLUle
1009 5612 1128 5671 NOTAE.

162 5705 552 5837 ,ogfflgfnffpmm
567 5705 637 5768 Vide
659 5720 720 5780 qua
738 5703 811 5763 dicta
824 5719 904 5779 supra
930 5706 1041 5765 suntad
1065 5716 1147 5780 capot
1166 5720 1250 5767 nutv
1278 5705 1421 5777 ιιιιιιιιι,
1446 5706 1495 5767 ιιι.
1511 5706 1547 5766 de
1569 5706 1649 5766 liort.
1666 5712 1814 5776 personne,
