3975 6292
246 214 315 273 {065
833 204 931 262 stanit
951 202 1125 262 victoum!
1144 203 1227 263 aaut
1558 203 1565 225 ¹
1811 211 1869 268 litut

242 326 435 395 accidentibus,
458 322 532 395 puris
553 332 581 381 ct
604 320 670 379 selis
693 320 758 392 ipsis
782 335 842 391 otras
863 329 926 376 suot
948 320 974 375 in
993 333 1038 386 eu,
1053 319 1076 380 ,l
1090 319 1198 394 lumea,
1215 328 1243 376 et
1260 319 1381 389 spiritus.
1398 318 1471 391 quod
1487 326 1530 377 εει
1546 318 1661 393 simplex
1679 331 1705 379 et
1726 322 1870 394 incomposi-

242 421 313 495 qund
325 432 367 477 ost
378 420 463 477 sulam
479 416 623 486 essequod
637 416 782 481 subsistam
799 414 976 471 substantiam
992 429 1041 469 au·
1092 424 1168 481 tunt,
1182 430 1244 487 qum
1259 413 1294 470 ibi
1309 423 1338 471 et
1356 414 1426 470 idem
1441 414 1532 471 lumen
1550 425 1579 472 ει
1596 416 1705 485 spiritns
1719 434 1726 469 ε
1740 425 1782 472 est
1794 429 1870 473 auten

242 522 297 573 tem
315 514 467 587 subjectum
486 527 547 569 cum
568 512 601 568 iis
620 510 745 568 untnibns
758 524 818 581 one
835 518 899 564 ειιιιι
911 494 1041 564 ac'cideu·
1092 512 1190 569 luttrini
1202 522 1230 569 et
1242 513 1348 583 spiritui
1363 512 1470 584 imago,
1484 527 1538 569 nou
1556 526 1573 566 a
1589 511 1748 568 ιιεεεεειιειε
1768 524 1870 580 natare,

241 602 337 679 tia,'in
360 612 419 680 ipsa
440 606 625 680 separabiliter
645 604 805 669 existentia,
822 603 848 659 in
877 619 927 661 usu
949 616 1040 660 antem
1092 607 1141 664 scd
1160 606 1299 663 ruluntate
1321 606 1512 680 magnitudinis
1526 606 1704 679 patuistipse
1716 607 1872 677 enimseip-
1966 673 1967 682 γ

241 702 399 775 accipientia
417 710 445 760 et
472 701 654 767 exitsentiam,
670 707 699 755 et
713 698 903 767 substantiata,
919 698 1042 755 ulricum-
1092 716 1152 757 sum
1172 702 1439 759 circumterminavit.
1459 702 1492 759 lit
1516 702 1618 759 idcirce
1632 701 1741 769 dieitur,
1757 712 1784 759 tu
1803 713 1828 759 te
1840 705 1873 776 ip-
1966 691 1967 708 ³

240 809 294 867 que
317 793 412 851 eudem
437 794 517 850 modu
536 808 598 850 essu
621 791 722 863 aliquid
741 790 924 863 significantes
942 792 1043 847 utimar
1091 809 1151 850 sum
1167 794 1306 867 intelligis,
1321 794 1369 850 sed
1383 804 1411 850 et
1424 794 1481 850 lilio
1494 793 1678 865 intelligibilis,
1698 794 1768 851 lilius
1783 811 1841 867 erga
1852 799 1874 852 it
1966 837 1967 864 ,

240 890 300 947 istis
312 889 478 947 nominibus.
496 888 536 945 Sit
549 886 628 959 igitur
642 887 692 951 sie,
708 886 765 943 siue
779 887 805 942 in
818 884 930 943 :uternis
943 888 1001 942 site
1013 885 1042 941 in
1093 897 1169 959 pane
1184 887 1283 959 imago,
1297 898 1324 943 et
1339 888 1443 955 torona,
1464 898 1492 945 et
1506 887 1597 963 λόγος,
1611 900 1639 943 ει
1652 887 1775 944 suanus
1794 891 1874 959 patris,
1966 901 1967 958 Τ

240 983 403 1041 mundanis:
428 982 491 1041 licet
511 982 583 1039 enim
607 979 660 1037 dici
685 979 743 1037 sire
765 978 957 1046 existentiam,
985 978 1043 1034 sire
1090 980 1167 1052 juxta
1179 980 1252 1053 quod
1267 981 1392 1039 rolutttas
1404 982 1508 1052 patris,
1528 984 1605 1037 alteri
1621 981 1698 1053 juxta
1712 982 1782 1054 quod
1796 986 1876 1039 mtm·
1966 963 1967 988 ¹

240 1078 435 1147 substantiam,
449 1076 507 1131 siun
520 1073 591 1147 qnod
612 1084 654 1131 est
673 1087 734 1131 esse
754 1087 818 1129 tere
837 1071 1041 1127 substantiam:
1093 1084 1136 1130 tas
1151 1073 1235 1145 patris
1251 1072 1332 1131 lilius.
1348 1072 1527 1133 utorttseotn
1543 1074 1819 1149 noluntaspropenius
1832 1086 1874 1146 est,

242 1171 279 1231 ibi
299 1172 382 1229 nuntia
402 1179 461 1239 est,
481 1178 510 1226 et
528 1185 582 1227 non
605 1167 766 1241 simpliciter
785 1165 936 1235 metiu,sed
956 1165 1043 1238 prima
1090 1167 1168 1238 Juxta
1186 1166 1260 1239 quud
1281 1168 1441 1225 uniuersalis
1463 1168 1606 1235 uoluntas,
1624 1170 1786 1240 unigenitus,
1805 1171 1876 1227 senei

239 1268 413 1338 metimque
434 1278 519 1337 genus
537 1265 573 1321 sit
589 1263 687 1335 etipsa
706 1268 807 1329 status,
823 1258 967 1317 etidcirco
985 1258 1044 1329 ipsa
1093 1260 1167 1318 enisu
1192 1262 1276 1319 totius
1300 1261 1474 1334 plenitudinis
1497 1262 1571 1337 λόγος
1594 1262 1711 1335 prosiliit
1736 1279 1752 1320 e
1775 1264 1878 1334 potentia

242 1358 401 1417 substantia.
418 1356 471 1415 Scd
487 1359 536 1413 ista
549 1364 576 1414 et
596 1354 735 1429 longioris,
748 1353 897 1411 etalterirts
911 1350 1041 1423 quaestiu-
1095 1353 1143 1411 liei
1159 1371 1167 1411 a
1183 1355 1234 1411 ista
1251 1354 1369 1425 potentio
1395 1356 1468 1433 λόγος
1485 1357 1608 1413 existens
1625 1359 1719 1429 gemit
1736 1358 1819 1434 λόγου,
1835 1357 1878 1415 buc

239 1454 291 1511 nis.
305 1452 382 1509 lianc
395 1460 484 1511 autem
498 1450 693 1523 latemnrquud
709 1450 745 1508 sit
757 1447 794 1507 ibi
808 1447 967 1515 substantia,
983 1460 1044 1517 rpuae
1094 1459 1153 1515 est,
1170 1448 1197 1506 iu
1214 1450 1459 1507 ntauilestatiunem
1476 1458 1504 1507 et
1516 1450 1700 1522 operationem
1714 1451 1828 1507 adduxit
1841 1450 1878 1508 Sic

239 1546 320 1605 babet
340 1546 486 1604 secundum
501 1544 637 1618 preprium
652 1543 831 1618 significatum
852 1542 904 1599 buc
921 1560 927 1596 ι
943 1538 1045 1613 aliquid
1094 1540 1176 1613 igitar
1190 1542 1327 1599 uoluntate
1342 1543 1443 1613 patris,
1459 1542 1585 1599 uoluntas
1602 1544 1730 1614 apparuit
1747 1544 1804 1616 ipse
1818 1545 1880 1620 λόγος

239 1637 359 1711 nesse,
378 1639 507 1699 aduersus
525 1648 615 1697 autem
631 1653 678 1697 eos
697 1639 742 1711 qui
761 1638 853 1694 dicunt
868 1650 966 1693 nomeu
980 1635 1045 1692 sub-
1095 1636 1167 1693 lilim
1183 1655 1190 1692 :
1209 1648 1252 1695 est
1272 1638 1355 1711 igitur
1375 1638 1423 1695 liei
1443 1640 1567 1696 voluntas
1590 1640 1665 1715 λόγος
1684 1653 1747 1697 eum
1768 1640 1823 1710 ipsc
1842 1640 1880 1711 qui

238 1718 344 1789 starttiae
357 1748 411 1790 nutt
427 1747 488 1790 esse
503 1732 618 1805 positum
641 1732 669 1788 in
693 1732 797 1789 sanetis
811 1728 963 1798 scripturis.
983 1727 1043 1784 Nun
1058 1726 1084 1791 B
1096 1744 1204 1803 seraper
1224 1740 1286 1800 est,
1307 1741 1336 1789 et
1353 1733 1386 1790 sd
1406 1734 1494 1805 ipsum
1516 1734 1573 1804 ipsa
1586 1736 1712 1791 noluntas
1725 1733 1814 1791 liliatiu
1828 1743 1879 1789 est:

238 1827 346 1901 quidem
361 1828 519 1884 substantie
537 1825 606 1884 iente
621 1840 673 1883 non
685 1833 741 1895 est,
756 1822 928 1881 denominata
944 1838 959 1877 a
978 1822 1045 1877 snb·
1097 1826 1358 1899 paterergo,cn1us
1373 1836 1416 1883 εει
1429 1828 1571 1895 ιολιιιιιιε,
1586 1826 1658 1883 illius
1671 1837 1763 1886 autem
1777 1829 1882 1885 scientae

238 1923 336 1981 stantia
355 1932 433 1989 sunt,
447 1921 518 1980 unde
538 1922 610 1979 enim
627 1920 771 1979 deductum
786 1921 918 1977 ιποοόσιον
936 1932 1044 1989 spuanta
1095 1930 1148 1987 est,
1162 1930 1191 1975 et
1205 1920 1330 1977 sulumas
1344 1920 1403 1992 ipse
1414 1932 1456 1978 εει
1469 1921 1541 1995 λόγος
1556 1936 1562 1972 :
1579 1922 1652 1997 λόγος
1665 1936 1734 1994 erga
1747 1921 1823 1978 itlius.
1834 1921 1880 1977 dna

239 2014 566 2090 substantialllttttlt.,st,
581 2015 645 2087 λιιι
662 2012 1043 2087 θιγειιειιιιιοόιειπιοόεεεν,
1096 2013 1169 2070 enim
1191 2015 1265 2091 λόγος
1291 2016 1393 2071 locutio
1413 2014 1537 2088 qondam
1564 2027 1616 2081 est,
1642 2016 1691 2073 seu
1720 2017 1832 2089 potentia
1854 2014 1881 2071 ad

239 2108 412 2166 hodiernam?
425 2108 556 2179 Quoniam
571 2107 648 2165 lesus
661 2106 713 2165 nitu
728 2116 780 2175 est,
800 2116 827 2163 et
841 2120 940 2179 eorpus
960 2103 1046 2175 ipsius
1096 2108 1242 2167 creandum
1264 2109 1381 2183 aliquid,
1404 2110 1581 2167 mulabulans
1604 2110 1638 2167 iis
1658 2112 1760 2181 quibus
1781 2110 1881 2165 luttnnm
1966 2157 1967 2174 ,

239 2206 294 2261 vita
308 2214 361 2274 est,
375 2219 472 2275 cerpus
486 2212 577 2261 attium
593 2203 684 2274 panis,
704 2202 783 2259 sicuti
801 2202 902 2261 dictum
924 2213 986 2261 est:
1005 2205 1044 2261 lla
1096 2212 1214 2261 estesse
1229 2204 1378 2261 sectnrdnm
1396 2205 1519 2266 όντότιτε
1534 2206 1660 2261 virtutem
1676 2205 1818 2276 unicuique
1830 2219 1881 2275 prs·

238 2299 319 2357 nobis
335 2314 432 2372 panem
450 2298 485 2355 de
506 2297 589 2357 coelu.
612 2296 752 2368 Signilicat
770 2295 902 2357 όπιοόοιοο
921 2313 955 2354 ex
974 2296 1043 2368 ipsa,
1096 2301 1182 2371 priam
1195 2300 1390 2367 substantiam,
1406 2310 1434 2356 et
1448 2301 1506 2372 ipse
1518 2301 1590 2376 λόγος
1604 2300 1710 2368 lomna,
1725 2316 1785 2373 qna
1799 2314 1883 2371 eopse

238 2405 284 2453 aut
296 2395 324 2453 itt
338 2394 397 2467 ipsa
411 2392 580 2461 substantia,
596 2392 648 2449 ltee
660 2403 704 2450 est
722 2392 785 2449 ritae
801 2408 909 2464 panem.
924 2391 969 2449 Sic
983 2408 1045 2449 run·
1095 2398 1200 2453 scentia
1218 2408 1261 2453 εει
1279 2396 1325 2453 uei
1340 2414 1348 2451 z
1364 2412 1413 2468 per
1426 2397 1496 2472 λόγοι
1510 2396 1583 2453 enim
1600 2398 1691 2454 solum
1712 2396 1882 2471 cognoscentia

238 2504 286 2549 stre
310 2498 338 2549 et
358 2489 457 2547 Paulus
481 2488 508 2545 in
531 2486 653 2558 Epistola
675 2487 710 2544 ad
731 2486 821 2543 'litum
835 2484 911 2562 (Tit.
928 2502 959 2555 rt,
975 2484 1043 2560 ill:
1095 2489 1221 2547 edicitur.
1230 2490 1345 2561 Propter
1354 2489 1426 2562 quod
1436 2489 1590 2547 dictumest
1600 2491 1676 2565 λόγον
1687 2491 1790 2547 essead
1804 2491 1881 2556 bearn

238 2578 372 2651 Pepslrtnt
384 2582 541 2661 περιούσιον,
554 2578 625 2637 circa
641 2578 834 2647 substantiam,
848 2578 900 2635 buc
913 2588 956 2635 est
971 2580 1044 2636 cinea
1095 2592 1124 2641 et
1137 2592 1181 2641 est
1189 2583 1264 2659 λόγος
1277 2583 1407 2649 serbiam,
1422 2584 1544 2640 laniena
1561 2584 1679 2654 lonrine,
1696 2593 1744 2641 ant
1763 2583 1883 2655 spiritasa

236 2676 320 2733 uitam
335 2676 527 2734 consistentem
543 2676 687 2749 pupulum,
707 2676 788 2733 sicuti
808 2683 838 2733 et
856 2676 884 2733 in
905 2676 1045 2734 oblatione
1098 2675 1205 2746 spiritu.
1221 2684 1249 2733 ει
1263 2675 1444 2732 substantiata
1458 2675 1621 2741 substantia,
1636 2692 1693 2732 non
1709 2676 1793 2749 prima
1808 2687 1833 2733 et
1846 2690 1883 2732 se·

237 2768 336 2827 dicitur
352 2790 359 2826 ι
375 2769 479 2827 flando
493 2770 539 2827 tili
557 2770 682 2842 papulum
700 2770 795 2827 circem
814 2770 916 2827 ιιίειειιι
934 2771 1045 2827 emula·
1095 2768 1183 2827 sunda
1198 2767 1346 2827 secundum
1361 2756 1480 2840 tempus,
1493 2768 1543 2827 sed
1556 2771 1710 2827 secundum
1732 2771 1801 2843 nand
1816 2784 1881 2829 eausa

238 2874 319 2921 torna
330 2865 456 2923 botrorum
468 2881 575 2938 operm
588 2866 657 2921 circe
675 2872 746 2920 tuom
758 2865 928 2921 salutantium
940 2865 1044 2922 uenien-
1096 2867 1140 2917 est
1150 2862 1212 2929 alii,
1237 2872 1267 2917 ut
1286 2860 1321 2917 sit
1340 2860 1457 2933 putentia
1480 2879 1487 2916 ι
1510 2876 1619 2933 semper
1631 2863 1736 2931 simul,
1754 2880 1805 2921 non
1823 2864 1882 2920 ettiu

238 2958 1042 3033 teanllidetttrmiltiidemsignillcariiulcremiapropbeta,
1094 2955 1214 3013 abscissa
1236 2964 1278 3013 est
1298 2954 1455 3027 ettntpentia
1477 2956 1602 3023 luminis,
1619 2958 1667 3013 sed
1688 2974 1795 3031 εειιιρεε
1810 2958 1835 3014 in
1850 2957 1882 3012 lu-
1966 2971 1967 2974 ’

237 3054 283 3109 ubi
296 3053 360 3119 dicit
372 3050 452 3125 (lem,
464 3069 542 3119 astat,
557 3055 603 3121 lt,
616 3068 673 3111 sec.
689 3053 753 3125 aaa)
764 3069 772 3107 s
784 3054 853 3123 Quin
866 3054 924 3120 prtia
937 3054 1044 3109 stetititt
1096 3048 1169 3105 mitte
1188 3058 1244 3115 εει,
1268 3056 1296 3105 ει
1320 3049 1378 3120 ipse
1397 3048 1488 3106 lumen
1515 3050 1636 3107 existens
1656 3061 1788 3121 operatur
1809 3050 1882 3106 munia
1966 3095 1967 3104 ,

236 3146 379 3203 substantio
395 3145 511 3213 boensi,
529 3156 553 3202 et
572 3146 636 3203 sidit
654 3147 757 3203 nmium
768 3146 849 3221 ejus?
863 3147 920 3215 puis
935 3147 1043 3218 prebuit
1056 3126 1080 3192 C
1095 3143 1167 3217 λόγος
1187 3140 1323 3210 existens,
1345 3157 1362 3197 a
1392 3158 1423 3199 se
1436 3158 1566 3209 murreus,
1586 3155 1615 3199 et
1628 3161 1691 3218 quac
1710 3160 1814 3217 semper
1836 3158 1883 3199 mu·
1966 3133 1967 3136 ’

236 3254 326 3295 esrem
342 3247 365 3293 et
384 3238 503 3295 audititi
519 3239 551 3295 Et
565 3248 624 3307 post
639 3240 774 3296 modicum
788 3238 854 3297 dicit
869 3238 965 3313 (ibid,
978 3237 1044 3312 ²²J²
1096 3250 1180 3305 tens,
1200 3236 1306 3308 cupiam
1333 3235 1437 3293 liabens
1460 3253 1468 3291 a
1493 3235 1558 3292 illud
1578 3236 1663 3309 patris
1688 3240 1882 3311 omnipotentem
1966 3273 1967 3320 γ

237 3332 274 3389 Ει
291 3332 314 3387 si
335 3332 463 3389 stetissent
480 3332 509 3387 in
527 3331 688 3400 substantio,
704 3330 752 3389 sed
773 3333 800 3389 iu
814 3332 964 3390 substantia
978 3333 1045 3389 sub·
1095 3345 1167 3387 esse.

237 3423 338 3482 stantia
351 3424 492 3489 scribunt,
509 3439 562 3480 ιιιιιι
578 3424 767 3481 insubstantia.
783 3423 837 3482 Sed
852 3426 874 3480 si
890 3425 951 3497 ouis
962 3424 1044 3481 intel·
1130 3422 1240 3481 xxxii.
1256 3424 1323 3493 Quae
1348 3424 1430 3496 igitur
1452 3423 1498 3483 bic
1515 3426 1682 3495 similitudo,
1706 3444 1766 3500 quae
1787 3424 1881 3485 consiliu

236 3517 335 3575 lectum
349 3527 423 3573 certe
442 3514 575 3589 intelligit,
589 3516 655 3574 nibil
668 3514 739 3572 aliud
753 3516 867 3584 invenit,
882 3518 932 3574 nisi
945 3514 1018 3574 istud
1036 3533 1043 3572 ε
1095 3529 1124 3575 ut
1135 3518 1271 3575 eliciatur
1285 3527 1314 3575 et
1330 3528 1488 3590 generetur,
1505 3530 1534 3576 ut
1547 3519 1634 3587 dicis,
1651 3521 1686 3577 sd
1699 3522 1880 3593 generationem

237 3612 266 3672 Si
278 3613 339 3686 quis
350 3612 377 3669 itt
387 3626 421 3669 eo
428 3611 499 3685 quad
515 3611 564 3669 liei
575 3619 618 3669 est
631 3626 691 3669 esse
700 3613 815 3679 steterit,
825 3612 877 3669 buc
887 3622 928 3670 est
939 3612 965 3668 in
978 3611 1045 3669 sub·
1095 3612 1202 3671 stilla
1220 3628 1251 3672 se
1274 3628 1388 3672 ntorcns
1409 3624 1528 3687 patema
1550 3631 1581 3672 se
1605 3631 1636 3674 se
1653 3633 1786 3690 generans
1810 3616 1879 3680 iliam

235 3708 429 3781 etenimquod
443 3707 470 3765 iu
484 3708 540 3779 ipsa
555 3704 688 3783 ipsisne
702 3706 783 3774 lilius,
797 3709 887 3765 statim
900 3708 971 3784 λόγον
984 3708 1046 3776 eius
1094 3707 1143 3764 sed
1162 3708 1282 3778 potentia
1300 3708 1383 3778 patris
1401 3722 1432 3764 se
1449 3725 1484 3785 εε,
1498 3724 1633 3781 gestemus
1651 3710 1725 3768 itlius
1746 3730 1754 3766 ε
1773 3710 1879 3767 noluntas

238 3800 330 3867 sidet:
344 3800 556 3860 debemuseuim
571 3802 642 3873 quud
663 3801 774 3858 ulterius
788 3816 840 3857 noo
865 3808 916 3866 εει,
929 3798 1045 3857 interius
1095 3801 1168 3857 euim
1183 3799 1274 3865 lilius,
1290 3799 1363 3857 umle
1375 3801 1449 3858 euim
1464 3802 1489 3857 si
1504 3803 1561 3875 ipsa
1577 3804 1706 3861 volontas
1719 3820 1773 3861 oon
1783 3814 1821 3861 est
1833 3820 1846 3857 a
1856 3814 1880 3855 εε

235 3895 335 3969 aliquid
351 3904 425 3953 stare
438 3896 545 3963 lacere,
561 3899 604 3955 τόν
625 3902 683 3953 νοῦν
696 3895 886 3963 insubstantia,
900 3894 1045 3950 substantia
1094 3909 1125 3951 εε
1137 3908 1289 3965 gesserant,
1303 3908 1355 3951 nee
1368 3894 1492 3951 voionus
1506 3906 1548 3952 est
1564 3914 1572 3951 ε
1587 3897 1636 3954 sed
1651 3900 1779 3970 quostiam
1795 3896 1836 3953 liei
1846 3900 1880 3951 eal

236 3991 296 4059 bei,
308 3991 359 4049 boc
369 3998 411 4049 est
426 3992 452 4047 iu
467 3991 628 4058 substantia,
643 3996 671 4045 et
685 3988 775 4047 statim
788 3989 1044 4061 comprehendimus
1094 3988 1233 4055 veluntas,
1250 3987 1376 4059 equidem
1390 3987 1448 4059 ipsa
1468 4004 1529 4061 qum
1543 3989 1579 4046 sit
1591 3993 1879 4065 neocesariensium

235 4094 265 4145 et
286 4085 382 4159 licum,
401 4094 430 4145 et
451 4086 533 4163 lipsa,
555 4083 687 4162 όμοοῦσιοι
711 4084 800 4154 ειιίιιι,
819 4094 848 4142 ει
865 4083 946 4149 simul
964 4082 1045 4141 ambo
1094 4080 1121 4136 Ιιι
1140 4081 1205 4137 beu.
1229 4078 1265 4137 Et
1288 4079 1351 4137 ideo
1365 4081 1438 4137 beus
1460 4091 1547 4153 pater,
1569 4084 1698 4143 voluutas
1712 4087 1796 4156 lilius,
1811 4097 1877 4141 turta

237 4194 333 4237 unum.
1095 4184 1250 4246 utrumque,
1273 4175 1360 4249 napis
1380 4184 1472 4233 antem
1492 4184 1520 4233 et
1540 4192 1645 4249 unum,
1661 4192 1690 4237 et
1708 4182 1794 4237 solurn
1811 4192 1877 4234 anun

273 4271 373 4331 xxxi.
391 4271 445 4330 Sed
467 4272 578 4329 uideris.
597 4272 788 4346 Suppunamus
807 4272 900 4331 dicere
917 4271 1044 4329 substan·
1094 4282 1148 4325 nun
1162 4265 1337 4336 enutritione,
1352 4266 1402 4325 sed
1414 4268 1590 4342 simplicitate
1605 4290 1614 4330 s
1628 4288 1771 4348 progressa
1786 4272 1878 4346 quidem

238 4364 303 4423 tianr
324 4366 369 4422 liei
385 4365 413 4422 id
424 4363 490 4422 illud
505 4363 577 4437 quod
597 4372 755 4433 estesse,et
769 4372 816 4423 τοῦ
830 4364 987 4436 ιοοοῡειιειι
1001 4372 1045 4421 est
1093 4363 1231 4419 uoluntate
1251 4362 1280 4420 in
1301 4363 1449 4435 potentiam
1475 4374 1633 4435 actuosam,
1659 4383 1715 4426 non
1737 4367 1878 4425 abscedente
1966 4365 1967 4384 ¹

237 4473 317 4521 esse.
331 4472 393 4515 esse
405 4458 501 4525 benun
515 4466 543 4515 ει
557 4457 657 4530 pietas.
673 4466 702 4515 et
716 4458 872 4515 molossis:
886 4472 947 4529 qum
961 4458 1043 4529 igitur
1094 4461 1183 4512 tameo
1204 4470 1220 4511 a
1238 4455 1388 4513 substantia
1410 4457 1519 4529 propria
1533 4467 1563 4515 et
1576 4459 1674 4517 eadem
1692 4460 1877 4519 motioneelsn

237 4552 388 4609 substantia
407 4551 474 4609 [leil
499 4552 528 4610 Si
549 4551 700 4610 substantia
723 4549 822 4608 dicitur
840 4551 867 4607 itt
887 4549 1040 4617 mundanis,
1052 4522 1164 4605 Derim
1180 4548 1229 4605 tria
1243 4547 1281 4605 ibi
1296 4564 1378 4605 unum
1393 4562 1473 4616 sunt,
1493 4551 1663 4623 subsanna,
1683 4554 1783 4619 motio,
1800 4552 1877 4609 roluc-

238 4653 268 4703 ut
288 4646 404 4715 animal,
426 4656 456 4703 ut
475 4644 573 4715 bomo,
598 4659 710 4703 neeesse
722 4656 764 4703 est
777 4644 869 4703 dicere
889 4644 916 4701 in
932 4644 1042 4701 aeternis
1091 4652 1141 4700 tas.
1157 4642 1316 4702 Substantia
1331 4652 1418 4716 pater,
1427 4644 1504 4717 juxta
1519 4646 1547 4702 iil
1560 4648 1648 4721 ipsum
1664 4652 1749 4707 motio
1760 4660 1786 4707 et
1799 4646 1877 4705 ruina-

237 4740 415 4800 sultstantiam
430 4755 491 4798 esse
505 4740 602 4808 llettnr,
613 4738 662 4798 sed
677 4739 752 4797 vities
766 4737 852 4811 ipsum
869 4737 952 4795 betam
963 4736 1040 4808 juxta
1090 4744 1133 4793 tas
1153 4754 1160 4792 ι
1175 4752 1269 4794 numus
1286 4736 1357 4793 lilius
1376 4738 1462 4795 motio
1473 4748 1502 4795 et
1518 4740 1660 4809 noluntas,
1676 4753 1706 4800 ει
1715 4742 1789 4816 justa
1804 4740 1828 4797 id
1843 4739 1876 4808 ip

238 4834 305 4893 illud
319 4848 390 4899 esse,
413 4833 484 4905 quud
504 4834 631 4901 dicimus,
653 4845 701 4892 aut
714 4835 824 4901 lumen,
840 4842 887 4890 aut
901 4832 1037 4903 spiritum,
1090 4846 1149 4887 sum
1163 4840 1191 4887 et
1208 4831 1377 4896 substantia,
1398 4842 1426 4889 et
1444 4833 1496 4890 lroc
1515 4844 1558 4891 est
1578 4835 1725 4911 όμοοόοωο.
1745 4836 1875 4894 llabeanus

238 4939 285 4986 aut
296 4928 383 4997 ipsunt
394 4940 466 4992 esse,
479 4935 527 4984 aut
540 4928 685 4995 potentiam
697 4930 757 4999 eius
767 4926 891 4997 nutrdest
905 4940 977 4992 esse,
993 4933 1041 4981 aut
1090 4924 1207 4994 exentpli
1228 4927 1315 4997 pratia
1337 4925 1410 4982 istud
1429 4926 1501 4998 qnod
1515 4943 1566 5000 ego
1580 4944 1653 4987 ιιιιιιε
1664 4932 1727 4988 dico
1747 4949 1754 4987 :
1769 4932 1805 4987 sie
1816 4927 1874 4985 edu

238 5020 443 5093 intelligentiam
459 5020 656 5085 universalem,
677 5027 724 5077 aut
737 5019 884 5090 potentiam
900 5018 1040 5075 universa·
1091 5031 1164 5074 nunc
1176 5025 1285 5088 oportet
1297 5018 1405 5086 dicere,
1419 5022 1547 5090 qrronism
1563 5023 1641 5080 multi
1656 5026 1683 5079 in
1696 5026 1783 5081 anima
1794 5034 1874 5091 comus
1966 5033 1967 5062 ³

237 5112 272 5169 lis
294 5113 498 5185 intelligentiae,
522 5122 568 5169 ant
591 5113 751 5170 uniuersalis
769 5113 832 5169 uite
852 5118 893 5171 vel
914 5112 1039 5179 actionis,
1091 5124 1151 5166 esse
1162 5109 1268 5178 dieunt,
1285 5110 1334 5167 sed
1350 5127 1422 5167 nunc
1434 5114 1583 5176 secuudum
1596 5114 1703 5173 dicendi
1716 5134 1790 5174 usum
1802 5113 1873 5170 olm

237 5215 284 5262 aut
305 5206 419 5263 aliunnu
437 5205 590 5262 istiusmodi
606 5205 634 5260 in
654 5220 709 5277 quo
726 5206 780 5273 sit,
794 5205 895 5263 iontem
907 5218 969 5262 esse
981 5219 1041 5261 aar·
1091 5201 1128 5258 sit
1140 5202 1166 5258 in
1181 5216 1306 5272 carpsere.
1320 5202 1419 5261 Atrium
1436 5206 1464 5261 in
1476 5205 1722 5281 bumanoeurpure
1740 5222 1797 5277 εει,
1810 5208 1833 5264 in
1846 5219 1873 5262 es

238 5301 313 5358 nium
330 5315 425 5358 eortrm
438 5315 500 5373 qrrae
514 5314 578 5356 uere
592 5308 673 5366 sunt,
688 5308 735 5355 aut
753 5313 814 5370 aare
830 5306 904 5357 snnt.
924 5298 979 5357 Sed
997 5298 1040 5355 di·
1090 5296 1163 5369 quud
1178 5296 1269 5353 anima
1287 5307 1346 5364 est,
1364 5298 1514 5357 substantia
1528 5309 1580 5367 est,
1603 5303 1682 5362 sicuti
1695 5306 1738 5361 rel
1755 5304 1811 5377 tyle
1821 5344 1828 5368 ,
1840 5297 1873 5353 td

164 5459 168 5466 ¹
238 5404 302 5451 cunt
313 5394 456 5464 scripturae
470 5392 560 5449 lumen
571 5404 632 5448 esse
644 5390 874 5462 lleutrs,spiritum
889 5406 950 5449 esse
963 5410 969 5446 :
982 5391 1041 5448 ltaec
1092 5404 1201 5461 eorpus.
1215 5389 1275 5445 istm
1287 5391 1361 5445 enim
1381 5391 1526 5451 tnuodanis
1540 5394 1603 5451 duae
1619 5396 1782 5453 substantia.
1800 5393 1829 5451 tit
1841 5390 1871 5447 si·

239 5497 329 5544 autom
348 5486 528 5544 substantiam
548 5484 715 5558 significant,
731 5496 785 5540 nun
805 5483 877 5540 enim
896 5484 1038 5552 accidens3
1093 5482 1354 5555 cutiltplelurmam
1369 5484 1530 5551 habenisue
1542 5490 1724 5562 estspeciem,
1736 5500 1812 5546 ιιιεει
1823 5500 1871 5543 ett-

239 5580 282 5636 cni
298 5579 385 5651 primo
399 5578 472 5652 quod
490 5588 607 5637 estesse
624 5576 738 5642 accidit,
760 5576 783 5633 si
801 5574 873 5633 istud
893 5575 1040 5633 accidensl
1094 5592 1160 5650 pus,
1182 5587 1229 5634 aut
1244 5577 1322 5635 aliud
1340 5580 1463 5652 aliquid3
1485 5597 1568 5640 unum
1587 5584 1696 5656 quidem
1708 5586 1795 5648 diener
1804 5579 1869 5639 estin

240 5670 294 5730 sed
307 5672 374 5729 nulli
389 5690 395 5727 :
412 5672 579 5746 impossibile
591 5672 664 5729 euim
681 5670 752 5727 ultra
773 5684 834 5727 esse
847 5669 947 5741 attoniti
960 5683 1041 5741 supra
1095 5672 1194 5729 ntalem
1208 5681 1376 5731 concretum.
1390 5672 1511 5734 Necesse
1528 5685 1571 5735 est
1590 5676 1666 5735 enim
1683 5677 1779 5751 aliquid
1791 5688 1869 5749 cmm·

240 5764 312 5838 mtud
331 5773 457 5825 estesse.
478 5766 551 5837 Ergo
565 5764 735 5837 subtantia,
747 5762 825 5836 iuxta
839 5760 911 5836 quctl
925 5769 1042 5823 estesse
1094 5764 1157 5823 dam
1175 5767 1351 5839 quantitatem
1372 5772 1823 5849 esse:t1uaotomeaooreniur
1836 5772 1869 5825 et
1966 5815 1967 5832 ,
