3975 6292
116 276 176 337 mu
647 278 775 337 onnnn
793 279 841 336 au
860 276 1072 339 saueronon
1090 278 1235 341 emron.
1315 356 1316 359 γ
1445 342 1446 347 g
1718 286 1771 344 ιιο

117 393 191 451 ratio
246 393 408 467 appellatur.
454 395 520 466 Qum
566 412 633 453 vero
668 413 721 453 ex.
744 400 919 471 generatione
932 400 1064 467 Ααὰντα,
1078 404 1175 478 μομφήν
1189 399 1215 457 δι’
1231 400 1325 479 χρόνος
1338 404 1463 479 ἀμαυροῖ.
1478 408 1534 465 πῶς
1546 397 1589 459 οὗν
1602 397 1632 459 ἂν
1646 402 1670 459 ui
1683 406 1710 460 ia
1723 426 1768 480 γε·

117 487 246 542 oriuntur
272 488 362 543 omitia
384 496 449 544 snut
473 490 639 562 corruptioni
654 490 779 548 obnoxia.
793 490 835 549 Ad
862 492 920 549 ime
969 493 1063 554 νίσεως
1076 494 1198 570 μθαμτῆς,
1222 489 1270 549 εἷεν
1285 495 1420 561 ἀθάνατοι;
1435 494 1495 564 δίξα
1509 495 1545 552 ot
1557 504 1607 554 τῶν
1629 498 1770 573 ἀλογίστων

119 578 238 636 formam
272 581 357 653 ipsam
389 597 421 638 ae
447 584 565 654 speeiem
601 584 674 641 tlelet
708 587 837 655 temporis
860 586 920 642 lon·
969 582 1056 657 δήμων
1069 586 1176 645 τοιαύτη
1192 606 1232 647 τις
1247 584 1449 661 διαπεφοίτηκεν,
1471 591 1505 651 ὡς
1520 592 1593 662 παρὰ
1619 597 1678 651 τοῖς
1702 592 1771 656 θεοῖς

117 676 266 748 ginqniras.
302 676 425 747 Quonam
471 679 551 750 igitur
588 679 669 735 mndn
707 681 754 751 qni
789 697 823 737 ex
859 696 919 738 eor·
968 678 1061 749 γάμοι.
1087 675 1272 753 παιδοσαομίαι
1291 700 1319 735 τι
1335 680 1512 753 ἐνομίσθησαν.
1535 683 1556 737 εί
1577 680 1601 737 δ’
1616 683 1734 741 ἀθάνατοι
1748 686 1770 740 ui

117 771 241 843 reptibili
270 772 446 843 generatione
480 773 532 829 orti
561 783 639 842 snut,
667 775 832 831 irnntortales
859 790 920 833 esse
968 770 1125 841 imitemin
1138 776 1272 843 γεννῶνται
1285 769 1307 827 δ’
1322 772 1371 833 ἀεὶ,
1385 773 1546 851 τλημμυμιῖν
1558 774 1653 849 ἀνάγκη
1672 778 1703 833 τὸ
1727 779 1770 851 γε’-

118 862 397 936 munumentum,
412 864 566 938 uniusmodi
574 867 839 938 quadarnimperitm
850 869 921 925 inui-
969 870 1022 919 rur.
1035 860 1183 935 σμοσθνίινς
1198 858 1221 916 δ’
1233 862 1419 937 ίτιγινομίνοε,
1434 866 1474 925 τίς
1487 860 1531 921 οὖν
1540 866 1654 943 οὐρανὸν.
1668 869 1729 923 ποία
1742 866 1770 925 ii

119 956 245 1014 titudinis
254 958 347 1029 opinio
361 957 488 1025 invainit,
502 959 573 1031 apud
588 974 702 1032 superus
726 963 835 1032 nuptias
861 961 919 1017 lteri
968 963 1012 1028 μῆ.
1025 960 1149 1012 τοσοῦτον
1161 964 1257 1026 σμῆνος
1268 958 1455 1033 innuptarum
1468 966 1536 1014 eron
1547 961 1686 1038 ίχιίνμνσι;
1706 966 1730 1018 τί
1746 961 1769 1019 δ’

115 1048 227 1117 solere,
250 1059 277 1105 et
292 1047 392 1107 liberos
402 1034 550 1123 procreari.
565 1050 643 1119 nunu
666 1051 690 1108 si
714 1052 760 1123 qui
775 1052 920 1126 gignuntur
970 1040 1001 1101 ἂν
1015 1044 1081 1103 εἴποι
1098 1070 1138 1111 τις
1155 1052 1217 1126 περὶ
1230 1048 1337 1128 ἀνδρῶν,
1353 1052 1485 1128 οὐρανίους
1498 1049 1620 1127 ιἰδελγοίιε
1633 1056 1670 1115 σία
1684 1054 1769 1127 qepun

116 1140 287 1197 immortales
301 1151 376 1210 snut,
391 1157 554 1215 semperque
573 1144 718 1215 gigrnmtnr
729 1148 812 1212 noui,
835 1161 920 1219 geum
969 1143 1093 1196 κοινωνίαν
1107 1140 1297 1207 συναπτόντων.
1311 1145 1431 1214 μοιχείας
1442 1163 1469 1199 τι
1483 1146 1526 1199 καί
1541 1145 1681 1206 ἀκολασίας
1694 1148 1770 1219 ipss-

115 1232 185 1289 iitod
210 1234 340 1291 exuberet
361 1250 474 1291 neeesse
495 1245 548 1293 est.
569 1237 626 1293 liae
646 1247 736 1294 autem
765 1241 920 1297 accessione
969 1232 1095 1299 λούντιινί
1110 1233 1254 1310 ίίμομινδθ
1267 1236 1459 1311 τιθοιῤῥιινιθτως
1471 1239 1573 1299 auteur
1586 1240 1767 1312 τιμοὶειιθτάτ,

85 1359 87 1364 -
114 1322 202 1389 laete,
215 1325 287 1396 quod
304 1325 411 1383 tandem
422 1328 600 1399 eoelnmmprae
613 1338 684 1386 term
705 1340 841 1388 tantorum
851 1332 918 1389 deo·
970 1327 1004 1382 τὰ
1016 1348 1043 1383 τι
1055 1326 1116 1405 παρ’
1130 1330 1268 1406 ἀνθρώπων
1281 1331 1317 1390 τίς
1328 1330 1422 1392 αὐτοὺς
1433 1332 1514 1407 γίμα,
1529 1328 1623 1407 dipem
1638 1334 1681 1386 καί
1692 1332 1768 1387 ἀσελ-

113 1434 180 1475 rom
202 1434 315 1477 eramen
334 1424 533 1501 ¹superueniens
551 1439 649 1495 sapere
670 1426 773 1494 possiti
788 1427 857 1494 Quid
869 1442 919 1483 au·
969 1424 1050 1493 γείαις
1081 1422 1219 1493 μεμίχθαι.
1245 1420 1293 1481 inu
1314 1424 1364 1499 γάρ
1387 1443 1426 1484 τις
1455 1422 1582 1499 ίνλθγοις
1607 1425 1768 1491 ἐξετασθείς,

112 1521 175 1569 tem
189 1512 356 1571 dicemusne
367 1515 400 1570 iis
414 1515 567 1572 tuorninitrus
593 1518 639 1588 qni
658 1519 757 1575 iratres·
771 1519 841 1575 dens
857 1534 919 1575 emn
970 1510 1177 1584 ἀγαλματοποιός
1196 1536 1224 1571 τι
1243 1519 1339 1591 μομφήν
1356 1536 1413 1573 τινα
1432 1513 1530 1592 διανοίᾳ
1553 1517 1717 1593 τμοσλαθοίν,
1730 1516 1770 1573 in·

112 1608 258 1665 sororium
271 1607 375 1666 deutrus
394 1611 559 1668 matrimonii
575 1611 677 1669 toedere
691 1616 877 1686 eorrjungnm.
892 1625 921 1671 οε
969 1628 1063 1677 τιχνον
1084 1612 1246 1686 τεκμαίρεται
1262 1609 1387 1674 ιιοιιθιίαν.
1406 1614 1449 1666 καί
1466 1612 1562 1684 pireto
1584 1608 1625 1668 οἶα
1644 1610 1675 1674 ld
1694 1612 1770 1675 λίθος

113 1703 346 1779 adulteriumque
361 1706 554 1764 obscenitates
573 1706 668 1763 iisdem
682 1710 830 1780 otrjieinntt
850 1710 918 1766 iltud
970 1705 1144 1777 inurendum.
1165 1708 1195 1762 τὸ
1209 1702 1271 1761 ἴδιον
1287 1706 1396 1779 πλάσμα
1410 1706 1548 1772 νολιτιίνιι.
1565 1708 1648 1764 uiden
1662 1710 1697 1770 ιίε
1709 1710 1771 1767 Θεὸν

111 1816 226 1874 quoque
251 1803 365 1861 tidenter
387 1805 543 1874 asserimus,
566 1807 682 1862 ironores
706 1808 848 1863 etenltnm
869 1798 1100 1882 quintilium,
1132 1798 1260 1874 lpulupu'm
1288 1800 1379 1857 inuris
1412 1804 1513 1879 πατίμα
1544 1805 1587 1857 καί
1617 1799 1771 1880 δημιουργὸν

112 1896 185 1967 ipsis
197 1895 232 1951 alr
250 1895 405 1953 lrominilms
426 1898 554 1962 tribuitur
575 1899 739 1971 impudicitia
763 1916 795 1957 ae
810 1901 920 1958 lubidine
969 1896 1017 1947 τοῦ
1037 1890 1197 1966 ἀγάλματος,
1216 1893 1303 1952 θνητὸν
1325 1888 1397 1949 εἶναι·
1416 1900 1466 1951 τῶν
1488 1892 1510 1950 θ’
1526 1895 1658 1971 ἀφθάρτων
1671 1897 1771 1951 larinum

112 1992 229 2062 plenum
241 2006 314 2048 esse.
339 1992 484 2051 liniensem
504 1994 684 2065 peritissimus
702 1995 798 2065 aliquis
818 2008 920 2053 statua-
970 1984 1065 2058 ripum
1079 2005 1108 2040 rr
1122 1988 1164 2040 ant
1175 1986 1251 2046 ddum
1266 1983 1466 2043 iuulrumdunum
1477 1988 1561 2053 adrui,
1573 1990 1772 2061 rnruuzupr'nnr

110 2086 186 2150 rius,
211 2093 351 2155 postquam
373 2086 487 2143 turmam
512 2087 595 2143 turturi
618 2089 708 2159 operis
733 2090 808 2161 prius
830 2099 920 2146 mente
970 2098 998 2134 τ’
1022 2087 1112 2150 renuis
1127 2080 1258 2141 &landrum
1272 2082 1447 2157 pneumon,
1463 2083 1613 2155 &muudum
1627 2084 1656 2137 ud
1677 2082 1772 2145 &ledor

109 2175 278 2247 compleras
288 2186 346 2243 est,
368 2193 436 2249 opus
450 2194 483 2236 er
499 2182 640 2251 praeceptis
660 2182 726 2237 artis
747 2179 872 2247 excudit,
888 2196 920 2239 οι
970 2176 1095 2252 μακάριον
1116 2172 1303 2253 ναίᾶγθαμτον,
1315 2172 1428 2238 οίνενδείς
1440 2176 1564 2253 θεεοίμχον
1576 2186 1622 2238 τίς
1635 2180 1709 2255 ποιμοί
1721 2186 1771 2234 τῶν

111 2270 199 2343 pardo
212 2279 283 2342 prust,
296 2271 371 2327 velut
384 2273 553 2340 saloninus,
567 2278 676 2347 proprio
686 2276 762 2348 operi
773 2276 916 2342 distulitnr,
971 2266 1087 2343 φθαρτῶν
1102 2267 1241 2339 inuruntur·
1256 2275 1294 2341 τῷ
1306 2267 1397 2345 γάρτοι
1408 2276 1443 2343 νῷ
1453 2268 1551 2333 θεατὸν,
1566 2273 1609 2324 καί
1619 2268 1717 2345 διανοίᾳ
1729 2292 1773 2347 πε-

109 2366 201 2437 ithne
215 2381 264 2437 pro
279 2367 423 2425 immortali
436 2368 488 2425 deo
500 2369 579 2436 enlit,
601 2386 661 2427 enm
682 2380 771 2427 tamen
787 2372 845 2441 ipse
866 2382 918 2427 sta·
971 2360 1102 2436 μιθῐιπτθθν
1117 2358 1175 2417 ⁰5³⁸
1191 2366 1285 2439 μθμίθν
1306 2364 1424 2419 inunudri
1438 2362 1472 2420 δι’
1486 2361 1516 2427 ἦν
1538 2367 1697 2439 neptalim,
1713 2365 1772 2424 οὔτι

110 2459 464 2534 tuoeilliospareusatque
480 2462 576 2519 artilex
604 2465 787 2521 semortntmn
802 2480 862 2522 esse
880 2466 919 2521 tu·
972 2455 1112 2525 σχήματος
1126 2454 1258 2527 epigram,
1274 2456 1308 2515 dr
1333 2448 1363 2509 ἂν
1388 2455 1481 2517 αἰκθναε
1501 2455 1517 2516 ἧ
1536 2457 1630 2513 τύπον.
1649 2465 1735 2515 ταῦτα
1745 2458 1773 2516 di
1848 2476 1852 2483 ·

109 2559 220 2633 teatur3
242 2554 351 2609 illorum
366 2569 448 2626 porro
469 2554 660 2611 immortalium
683 2557 805 2627 sepulcra
827 2568 855 2612 et
876 2572 920 2612 ar·
971 2547 1191 2620 rrdnru'pipnrrm.
1206 2549 1421 2623 πμθίχᾰμιντῶν
1436 2549 1773 2631 amnigenam-dmum

108 2664 165 2706 eas
179 2647 292 2719 ipsimet
301 2648 466 2717 ostendunt,
482 2660 507 2705 et
522 2656 642 2706 mumius
655 2650 754 2705 diuinis
772 2648 920 2707 tmnnrttms
972 2638 1022 2712 peip
1033 2634 1099 2698 lm
1109 2640 1180 2698 ⁷3th
1193 2636 1266 2706 itur,
1280 2642 1400 2711 emperor
1412 2642 1521 2715 ptnpn
1533 2639 1613 2705 3⁹³⁸?-

108 2739 255 2807 unicium,
277 2739 431 2813 ignorantes
454 2742 576 2808 scilieet,
596 2742 622 2799 id
646 2743 718 2815 quod
740 2758 834 2800 reram
858 2744 920 2800 bea·

110 2846 218 2895 innuet
241 2836 396 2893 immortale
420 2846 478 2904 est,
497 2836 530 2893 iis
543 2851 612 2908 qnos
634 2838 761 2895 ruunrutns
785 2838 906 2894 tribuum
927 2839 1076 2897 tortoribus
1102 2855 1154 2897 non
1179 2840 1308 2911 indigere.
1335 2840 1400 2897 Nam
1423 2842 1493 2915 qaod
1519 2842 1576 2901 sola
1599 2843 1772 2917 intelligentia

108 2932 193 2990 cerni
207 2941 236 2987 et
245 2932 408 3006 cogitatione
420 2934 613 3004 eomprettendi
637 2944 739 3006 potest,
756 2950 807 2990 nee
827 2933 942 2991 lerinam
967 2952 1019 3008 qua
1035 2936 1207 3009 dignoscatur
1227 2938 1348 3008 requirit,
1373 2952 1423 2996 nee
1449 2936 1560 3010 liguram
1576 2940 1694 2997 admittit
1714 2952 1773 2999 taut·

108 3040 199 3099 qoam
214 3026 358 3099 imaginem
373 3034 401 3081 et
419 3026 633 3083 similitudinem.
653 3026 751 3083 verum
772 3028 831 3083 trae
850 3029 940 3084 onmia
954 3039 1122 3086 mortuorum
1145 3043 1226 3087 eausa
1250 3027 1327 3086 liutn.
1350 3028 1454 3089 lienem
1480 3031 1551 3089 enim
1573 3032 1695 3091 homines
1714 3034 1772 3091 loe·

107 3127 182 3176 rnut
194 3120 354 3191 eorporilrus
373 3118 477 3191 praediti
492 3120 556 3175 dnm
572 3120 704 3177 uiuerent.
1000 3107 1005 3117 '

184 3235 261 3293 (ἔνθ.
275 3234 310 3291 l.
323 3266 359 3278 -
369 3250 438 3302 quon
448 3250 575 3293 craterus
588 3251 674 3293 rietus
688 3252 731 3293 urs
745 3250 849 3294 spaera
862 3252 997 3306 connium,
1013 3255 1047 3295 er
1061 3254 1170 3295 esurus
1185 3254 1256 3295 virs
1270 3254 1384 3295 seimon
1399 3254 1517 3297 sinemus
1532 3256 1698 3299 consenum.

149 3330 272 3388 Sedent·
289 3346 383 3387 verunt
408 3331 490 3386 llettrn
516 3330 675 3387 lanrlntnrus
697 3332 809 3404 inipnris
832 3334 958 3396 i'erltisC
1009 3336 1040 3390 Τί
1049 3332 1079 3395 ld
1093 3337 1195 3411 χμαίνω
1207 3339 1252 3396 τὸν
1261 3336 1374 3410 γλῶτταν
1383 3334 1465 3410 λόγοις
1474 3340 1665 3412 μεμιασμένοις,
1677 3340 1772 3415 nullm

108 3422 236 3495 lingnam
252 3423 361 3492 ινοΙΙιεοθ
372 3422 451 3479 Prius
464 3424 545 3495 igitur
559 3440 677 3480 animam
692 3425 765 3481 iliam
780 3427 918 3499 potionem
969 3430 1059 3505 ὑμνεῖν
1073 3432 1116 3487 τὸν
1130 3426 1207 3491 ὄντως
1221 3430 1292 3486 Θεὸν·
1307 3428 1432 3503 βούλομαι
1453 3429 1484 3492 δὴ
1502 3432 1626 3510 πρότερον
1640 3434 1708 3508 ἁγνῷ
1722 3434 1772 3490 τί·

111 3530 186 3588 pura
199 3514 312 3571 oltdueta
328 3516 438 3587 potione
458 3516 563 3573 diluere
577 3517 713 3573 constitui.
727 3518 814 3577 Poros
827 3529 918 3576 autern
969 3544 1033 3597 ματι
1056 3523 1145 3600 ὥσπερ
1164 3522 1275 3599 ἁλμυρὸν
1294 3522 1489 3582 ἀποκλύσασθαι
1508 3526 1589 3600 utne.
1616 3528 1645 3581 τὸ
1661 3523 1683 3581 δ’
1698 3526 1772 3601 ἁγνὸν

111 3619 199 3682 polus
213 3609 377 3667 lrattritttrex
392 3610 503 3680 perenni
517 3608 591 3666 lutttie
606 3612 735 3668 virtuttttn
753 3611 917 3684 illiusqttetn
969 3616 1042 3689 πόμα
1057 3622 1146 3689 χεῖται
1159 3614 1201 3672 διὰ
1211 3624 1296 3689 στενῆς
1305 3616 1408 3672 ἀεννὰου
1423 3624 1473 3673 τῶν
1486 3618 1583 3694 ἁμετῶν
1609 3624 1656 3674 τοῦ
1675 3618 1772 3691 ὑμνου-

112 3701 351 3759 uelehramusllei.
362 3702 494 3774 Equidem
506 3705 558 3775 mei
570 3704 754 3775 privatiotdeii
764 3720 826 3763 esse
836 3706 917 3775 duco,
968 3708 1043 3779 με’νον
1056 3708 1120 3783 πρὸς
1142 3708 1212 3780 ἡμῶν
1229 3711 1308 3763 Θεοῦ·
1323 3706 1382 3781 ἐμίν
1396 3706 1420 3763 τ’
1434 3705 1497 3763 ίδιον
1511 3706 1592 3784 ἔργον.
1604 3710 1647 3765 τὸν
1662 3712 1772 3787 Χριστὸν
1855 3788 1857 3793 ,

112 3792 255 3850 Christum
290 3804 346 3850 tmn
375 3796 437 3851 sitm
464 3794 665 3864 s:metimonla,
688 3806 743 3852 tum
771 3799 917 3869 gratiarum
968 3799 1057 3872 ὑμνεῖν
1068 3797 1187 3871 impium,
1203 3800 1246 3854 καί
1260 3807 1305 3860 τῆς
1317 3799 1475 3871 ὀφειλομένας
1485 3799 1616 3877 θμίνπμὸς
1625 3801 1702 3855 αὐτὸν
1716 3802 1774 3857 ιἰντί

112 3889 225 3945 actions
237 3903 320 3960 ,τινα
334 3903 383 3959 pro
403 3889 495 3945 multis
512 3898 540 3945 et
560 3892 684 3945 inarimis
700 3890 836 3948 beuuedeiis
856 3892 881 3945 ei
902 3906 916 3945 a
968 3891 1067 3947 πολλῶν
1089 3895 1131 3947 ναί
1154 3894 1281 3966 μεγίστων
1299 3892 1446 3969 εὐεργεσιῶν
1462 3893 1642 3967 εὐχαριστίας.
1660 3895 1723 3964 pupi
1742 3890 1772 3952 δή

112 3980 333 4046 nonisdetretm.
354 3982 514 4054 predicare.
532 3982 608 4039 llntte
622 3998 687 4055 ergo
705 3982 786 4053 liitjns
800 3982 918 4039 tittiversl
967 3988 1066 4043 τούτων
1078 3988 1125 4047 τὰς
1137 3986 1224 4062 ἀρχὰς
1235 3986 1352 4062 στηρίξαι
1361 3982 1436 4040 τοῦδε
1456 3990 1504 4041 τοῦ
1523 3986 1628 4050 παντὸς,
1655 3984 1774 4041 ὑπόθεσίν
1811 4020 1814 4029 .

113 4075 292 4131 constituisse
305 4072 434 4147 principia
448 4117 456 4140 ‚
472 4074 648 4133 elltomlttunt
662 4077 828 4131 creationem
843 4083 916 4131 eerltt
967 4096 996 4136 τι
1022 4081 1158 4155 ἀνθρώπων
1177 4081 1307 4156 ἀνευρεῖν,
1332 4082 1374 4133 ναί
1384 4080 1426 4136 τὸν
1443 4084 1528 4135 ταῦτα
1549 4079 1614 4154 λόγῳ
1639 4080 1773 4152 νομοθεσί-

111 4168 177 4241 tege
193 4181 227 4223 ae
241 4171 345 4225 ratione
365 4167 518 4227 dimensum
532 4166 701 4241 excogitasse
719 4168 790 4225 dieo.
807 4167 842 4224 Et
858 4168 917 4229 illos
970 4192 1062 4228 σαντα.
1079 4172 1121 4227 καί
1134 4170 1360 4247 ταμαχμῆμαξμὲν
1372 4170 1407 4231 είς
1416 4170 1540 4247 μανοίμιίν
1548 4192 1602 4227 τινα
1615 4175 1660 4227 καί
1670 4172 1771 4241 εὐανθῆ,

799 4285 933 4345 vareso
953 4285 1070 4343 NOTAE.

148 4406 258 4479 Ἀνάγκη
270 4405 300 4459 τὸ
311 4403 392 4477 γένος.
411 4400 441 4456 in
462 4400 557 4459 codice
574 4398 643 4456 ruit.
665 4410 725 4472 post
740 4400 853 4470 primum
868 4417 917 4457 ro·
973 4402 1069 4487 inquit,
1086 4410 1112 4459 et
1128 4400 1266 4458 hominem
1291 4410 1319 4457 et
1345 4402 1448 4473 reliqua
1467 4416 1526 4473 qum
1543 4403 1568 4457 in
1584 4402 1685 4459 mundo
1699 4410 1770 4469 smn,

111 4494 175 4535 eem
194 4478 290 4533 lacuna
312 4474 445 4531 eutonius
465 4471 589 4528 uureutruli
610 4487 705 4543 capax.
727 4473 823 4529 Seriirn
838 4473 919 4546 igitur
971 4474 1108 4543 opnieimn
1123 4488 1184 4529 esse
1213 4474 1285 4531 illius
1306 4474 1350 4545 qni
1375 4474 1432 4529 liae
1447 4474 1539 4529 nanda
1552 4474 1655 4531 ratitum
1675 4475 1775 4531 eonsti-

111 4552 276 4640 ntnppngris
291 4546 388 4619 είννίγιο
399 4547 483 4603 αὐτῶν
494 4546 618 4620 τὸγύιος.
970 4545 1029 4611 tuit,
1048 4544 1074 4602 id
1095 4555 1148 4608 est.
1165 4548 1261 4601 surtuni
1275 4546 1334 4602 [lei.
1354 4544 1531 4602 Seriirendmn
1544 4556 1585 4601 est
1601 4548 1698 4617 igituir:
1712 4551 1775 4623 μημί

150 4626 196 4685 τίς
210 4642 255 4676 uns
268 4621 382 4697 οὐρανὸς.
398 4617 575 4674 Serilrendniu
590 4626 633 4673 est
646 4620 687 4678 τίς
700 4612 730 4674 ἂν
749 4618 864 4693 οὐρανὸς,
888 4624 918 4673 ut
930 4619 956 4678 D
968 4616 1000 4679 id
1014 4624 1103 4675 τοῦτον
1122 4619 1169 4680 τὰς
1184 4619 1283 4697 ἀρχὰς,
1299 4628 1351 4673 ete.
1368 4627 1446 4673 utest
1459 4618 1485 4673 in
1498 4616 1678 4683 tim-usundi,
1693 4629 1775 4691 utque

113 4693 142 4748 in
163 4690 336 4749 lilrrnlloraei
352 4690 386 4744 ντί
408 4691 558 4760 ntarginem
579 4691 751 4744 emundatum
768 4692 868 4744 iirveni.
887 4689 914 4743 ln
970 4692 1068 4760 legisse
1101 4690 1207 4745 ridetur
1227 4690 1502 4760 llltristnpltorionus.
1530 4688 1632 4745 Deinde
1652 4694 1711 4761 lego
1731 4693 1775 4748 τὸν

113 4766 211 4821 oodiee
234 4761 334 4819 l'oket.
364 4761 461 4833 legitur
488 4763 528 4823 τίς
547 4762 653 4835 οὐρανός
680 4762 782 4831 unsrun
802 4768 917 4831 eottjnn·
968 4766 1012 4818 καί
1034 4768 1117 4818 ταῦτα
1139 4760 1204 4836 λόγῳ
1230 4762 1444 4835 νομοθετήσαντα,
1475 4761 1627 4817 certissima
1650 4764 1776 4817 ernenda-

112 4840 218 4893 etinne.
970 4834 1053 4888 tinne.
1069 4832 1098 4887 ln
1113 4830 1135 4887 F
1137 4832 1183 4887 tili.
1198 4833 1292 4889 endiee
1302 4835 1397 4902 legitur·
1409 4851 1416 4888 :
1429 4836 1472 4888 ναί
1482 4833 1525 4888 τὸν
1538 4834 1605 4908 λόγῳ
1618 4840 1703 4891 ταῦτα
1715 4856 1778 4907 ναμε

148 4907 260 4981 'diupei
285 4928 336 4969 τις.
354 4905 441 4961 llnlitn
457 4904 547 4975 legere
558 4902 739 4981 ἦδηγοῦντεε,
755 4913 808 4959 ete.
831 4901 917 4958 Panlo
969 4902 1043 4959 ltlent
1062 4904 1141 4971 igilur
1160 4913 1201 4958 esi
1213 4903 1278 4979 λόγῳ
1291 4906 1506 4975 νομοθετήσαντα,
1522 4909 1593 4975 quod
1616 4907 1681 4961 stibi
1710 4905 1777 4962 dieit

112 4994 176 5052 post
192 4981 239 5036 ttlti
254 4928 351 5051 liegilnr
362 4977 460 5034 διανοία
469 4976 635 5053 πμοσλαθὼν,
652 4978 678 5031 ln
698 4976 766 5031 libro
777 4974 868 5030 llortei
882 4976 916 5030 nil
969 4976 1036 5051 λόγῳ
1049 4973 1215 5039 διατάξαντα.

112 5054 266 5123 marginem
287 5037 454 5106 erurendstur‘
465 5048 614 5122 npuludu'n,
629 5046 741 5120 perinde
758 5062 791 5103 νο
806 5047 832 5101 in
845 5046 917 5103 Gru·
1006 5050 1049 5108 νίς
1063 5046 1188 5173 praevigili
1201 5067 1259 5104 τινα
1279 5050 1322 5102 ναί
1334 5047 1435 5106 εὐανθῆ.
1452 5045 1508 5103 Ηοο
1518 5046 1577 5103 loeo
1590 5046 1776 5104 riutetanon-

113 5125 263 5181 terititnu.
515 5146 520 5157 ·
969 5122 1104 5173 staminas
1147 5118 1282 5174 aradisnm
1305 5119 1378 5173 ittum
1405 5124 1430 5173 in
1450 5130 1504 5189 ιμιο
1527 5116 1660 5175 adamum
1704 5119 1776 5176 ileos

150 5197 244 5253 ἑαυτὸν
256 5190 495 5271 euripo-Rectius
518 5191 545 5245 in
569 5190 664 5246 eodiee
687 5188 756 5244 Fuls-
793 5189 920 5247 seriltitur
970 5188 1125 5256 collocavit,
1146 5199 1224 5245 extra
1251 5198 1350 5245 terram
1378 5205 1486 5259 ponere.
1515 5190 1544 5246 ln
1567 5206 1621 5262 tque
1649 5184 1777 5260 opininne'

113 5264 668 5344 ίαντὸντίνιεατίραοιιείδημιονργίν,οιε.
971 5260 1083 5318 luerunt
1113 5260 1232 5332 plerique
1262 5272 1393 5317 veteram.
1422 5260 1575 5331 Stephanus
1602 5262 1724 5319 Golaauus
1749 5265 1775 5319 iu

149 5342 252 5397 ratres
262 5346 347 5397 ταῦτα
359 5338 426 5410 λίγω
443 5358 470 5393 νο
519 5340 657 5397 ιτιίσαντα.
673 5332 741 5388 Tres
752 5332 856 5401 priores
872 5344 920 5388 ro·
971 5335 1101 5403 ospitem
1130 5332 1777 5415 ΙιοορεοίνίιιειννιεοοιννεινιιὮςίπαμοίδεισος

112 5413 268 5469 oesariris
293 5395 427 5465 tloeiise'x
453 5406 531 5464 lSS.
559 5405 699 5462 eotlieilttts
721 5403 821 5460 addim
843 5413 916 5460 sotii.
970 5403 1030 5463 οὔτι
1046 5413 1082 5479 τῷ
1096 5406 1205 5481 οὐρανῷ.
1221 5402 1279 5462 οὔτε
1295 5407 1336 5462 int
1350 5412 1397 5467 τίς
1406 5412 1463 5480 pur,
1481 5405 1544 5461 ἀλλὰ
1558 5408 1656 5464 τούτων
1667 5410 1775 5482 μεταξύ,

112 5484 219 5541 'lamen
236 5480 434 5539 neeiuemliee
450 5478 542 5550 [tegio.
558 5494 609 5534 nee
631 5478 659 5531 in
681 5476 819 5531 ueteribus
839 5476 919 5532 selre-
972 5476 1114 5548 Eteapitis
1143 5492 1180 5531 ru
1206 5475 1249 5533 trie
1271 5486 1329 5532 erat
1345 5475 1448 5541 titulus,
1477 5477 1552 5543 Qttnd
1568 5480 1707 5547 paradisus
1734 5486 1777 5534 est

113 5556 157 5613 dis
189 5556 326 5627 leguntur.
361 5551 426 5607 Posi
455 5551 567 5607 ueritum
598 5559 687 5604 aunem
715 5548 920 5622 νομοθετήσαντα
969 5562 1088 5619 superna
1104 5547 1282 5613 Hierusalem,
1299 5558 1325 5603 et
1349 5548 1374 5601 iu
1390 5548 1572 5604 tertioeoelo:
1590 5560 1617 5604 et
1637 5550 1707 5621 quod
1732 5566 1775 5605 ar·

112 5640 246 5701 poncinum
261 5624 375 5697 apposni
389 5638 422 5679 er
439 5621 492 5678 lide
507 5620 609 5678 emtieis
629 5620 704 5691 Regii
724 5633 751 5674 ει
763 5617 831 5675 linit.
845 5629 873 5675 et
884 5634 917 5675 er
971 5620 1051 5676 tunes
1074 5635 1133 5690 qum
1148 5620 1203 5675 illie
1216 5626 1287 5685 sunt,
1304 5618 1443 5675 intellecto
1456 5628 1483 5675 et
1505 5620 1617 5675 scientia
1633 5630 1695 5676 sum
1708 5636 1777 5691 prm·

67 5705 78 5735 θ
113 5700 253 5755 reterttms
271 5697 389 5753 setredis.
416 5694 493 5762 Qtrod
522 5707 657 5749 suntuna
684 5691 919 5747 animadvertisset
970 5692 1055 5749 ditm:
1072 5700 1098 5746 et
1113 5690 1183 5763 qnod
1200 5691 1318 5747 dilatans
1334 5702 1392 5759 post
1408 5690 1649 5761 transgressionem
1663 5690 1737 5748 illiue
1749 5693 1775 5748 in

112 5770 399 5841 Gturistoplrorsonus,
427 5766 496 5821 trane
532 5764 670 5835 periodum
700 5777 760 5818 enm
793 5764 918 5834 sequenti
973 5774 1073 5819 terram
1087 5764 1209 5833 dejectus
1222 5770 1274 5819 est.
1290 5764 1391 5818 tteinde
1403 5764 1518 5818 assertio
1529 5761 1675 5845 amareris,
1692 5762 1776 5818 Para·

112 5841 271 5899 eunnmnit.
295 5838 344 5896 itte
367 5846 459 5893 οιεεειιε
480 5848 522 5894 ενι
546 5850 643 5893 εενεννε
659 5835 740 5904 trurjns
765 5834 828 5889 tuei.
858 5835 916 5901 nio,
971 5832 1059 5890 disum
1075 5831 1241 5891 uonesseiu
1262 5833 1342 5891 tertio
1365 5832 1447 5897 edsio,
1475 5832 1522 5889 sed
1539 5847 1566 5888 m
1592 5841 1673 5889 terra.
1696 5832 1777 5891 Certe
