3975 6292
535 22 557 58 c
582 3 714 59 Juba
756 15 855 56 ore
899 13 1020 56 mco
1061 0 1289 67 praesul,
1338 6 1392 51 et
1431 0 1652 50 infundo
1691 0 1896 51 favore.
1947 0 2135 52 Patres

531 92 707 152 nostri
736 92 788 147 iu
823 103 954 163 typo
985 88 1235 158 baptismi
1270 87 1594 142 transierunt
1626 102 1723 157 per
1752 87 1987 143 medium
2021 104 2136 143 ma-

530 204 614 245 re.
643 186 779 244 Nam
810 185 863 240 in
893 183 1206 239 fluminibus
1232 189 1285 236 et
1325 181 1377 237 in
1422 181 1707 251 paludibus
1747 190 1962 252 oportet
2005 181 2137 253 bap-

532 283 706 339 tizari.
734 299 753 334 ι
782 279 918 335 Dicit
944 276 1191 335 bilwrins
1218 277 1538 346 episeopus:
1563 295 1583 330 ι
1602 275 1754 331 inste
1774 277 2128 332 locutuses.»

530 373 663 430 Erat
691 371 837 427 enim
860 353 939 426 ibi
971 383 1076 425 non
1106 367 1266 438 longe
1298 383 1328 422 a
1356 368 1642 440 cymiterio
1669 366 1871 422 Noellae
1907 367 2138 438 cymite-

531 466 650 522 rius
675 462 992 524 ostrianus,
1022 460 1112 516 ubi
1143 459 1337 516 Petrus
1365 461 1645 529 apostolus
1675 459 1989 530 baptizavit.
2029 459 2134 516 Eo·

531 557 656 615 dem
686 565 929 624 tempore
957 552 1179 609 Pascbae
1202 552 1492 625 baptizavit
1520 551 1809 622 promiscui
1839 567 2003 608 sexus
2029 567 2132 610 nu·

529 667 687 709 mero
713 661 949 718 quatuor
977 645 1141 702 millia
1172 646 1492 703 duodecim:
1535 647 1627 719 qui
1670 661 1863 703 omnes
1905 647 2136 705 Rotnani

529 744 619 801 vel
650 759 679 796 a
712 742 901 814 longe,
937 740 1026 796 alii
1055 738 1215 796 vieini
1247 738 1616 796 Romanorum
1646 738 2034 797 desiderabant
2066 742 2137 798 ab

530 838 725 897 eodem
757 835 1038 906 baptizari.

602 933 658 990 6.
690 931 977 989 Constantii
1002 929 1261 998 expeditio
1287 945 1445 1000 super
1472 927 1789 984 Danubium.
1812 929 2137 988 —Veniens

532 1040 712 1086 autem
747 1025 825 1100 (Ξ)
866 1028 1059 1084 eodem
1104 1035 1347 1096 tempore
1387 1023 1589 1080 bellum
1630 1040 1793 1095 super
1834 1025 2135 1081 Danubium

530 1121 892 1194 ingestissima
920 1122 1007 1192 (au
1038 1117 1430 1189 ingentissima)
1450 1133 1575 1189 pars
1602 1118 1951 1174 barbarorum
1982 1118 2135 1189 «piasi

529 1217 669 1272 intra
719 1224 1032 1270 octavarum
1089 1209 1329 1266 Pasvnoe.
1388 1209 1455 1264 Et
1482 1210 1709 1265 audiens
1737 1209 1845 1266 boc
1866 1209 2138 1266 Constans

2234 13 2372 68 aqua
2400 0 2469 54 ibi
2498 15 2606 56 non
2628 10 2863 57 emanat.
2891 2 3150 62 Homines
3175 8 3319 63 enim
3349 11 3612 80 promiscui
3636 31 3768 74 sexus

2236 94 2447 148 renasci
2477 91 2819 162 desiderant,
2865 111 2971 151 non
3011 100 3147 152 mori
3173 111 3396 171 propter
3419 118 3502 161 me
3528 104 3767 177 singulum.

2234 182 2536 256 Respondit
2568 188 2854 262 Dionysius
2878 189 3180 264 presbyter.
3222 203 3275 248 ot
3310 194 3475 250 dixit:
3513 197 3770 258 Renascan-

2237 287 2359 343 tur:
2399 289 2455 336 et
2482 281 2529 336 si
2560 283 2757 338 mortui
2789 281 2993 341 luerint
3017 294 3139 356 post
3167 286 3518 359 baptismum,
3544 289 3594 347 in
3619 308 3773 353 cruore

2236 372 2430 428 melius
2461 373 2665 431 vivent.

2307 464 2363 521 8.
2398 463 2656 524 Damasus
2695 469 2968 540 pollicetur
3003 471 3191 542 fontes.
3239 472 3469 531 Liberius
3510 476 3705 545 baptizat
3735 483 3777 537 in

2238 557 2560 618 Pentecoste.
2582 592 2655 604 -
2675 562 2972 635 Respondit
3000 565 3287 632 Damasus.
3313 580 3370 626 et
3391 570 3522 627 dixit
3544 572 3614 645 (4)
3629 592 3641 628 :
3659 574 3776 632 «Non

2247 654 2489 712 tristetur
2525 672 2621 712 cor
2659 665 2840 721 tuum.
2886 663 3080 732 praesul
3121 680 3365 722 summe:
3393 666 3514 736 quia
3553 669 3674 726 dabo
3705 671 3782 727 tibi

2241 763 2433 805 renam
2463 750 2626 807 fontis
2649 764 3011 810 emanantem.
3028 774 3046 809 s
3067 755 3276 813 Gaudio
3298 760 3597 816 consolatus
3619 773 3690 818 est
3708 762 3778 818 Li-

2237 841 2420 899 berius
2459 843 2510 899 in
2542 844 2686 902 hune
2711 862 3019 905 sermonem
3039 892 3054 917 ,
3094 859 3152 907 et
3189 851 3320 908 dicit
3355 854 3475 910 eit«
3501 854 3660 923 Vade,
3682 873 3784 913 con-

2247 943 2396 991 strue
2421 935 2680 993 affluente
2707 937 2940 1009 Spiritu:
2973 953 3026 998 et
3055 958 3158 1014 ego
3183 947 3408 1002 veniens
3434 962 3548 1002 cum
3575 948 3785 1006 fratribus

2245 1035 2304 1083 et.
2343 1026 2582 1084 adorabo
2619 1030 2771 1088 illum
2812 1047 2974 1099 quem
3017 1035 3175 1091 nobis
3200 1036 3402 1094 dimisit
3429 1037 3684 1106 Christus,
3717 1044 3788 1113 qui

2243 1134 2341 1191 pro
2370 1121 2528 1178 nobis
2556 1132 2640 1179 est
2666 1133 2869 1193 pastor.
2899 1146 2918 1179 ι
2944 1125 3016 1182 Et
3044 1129 3203 1186 tertio
3231 1130 3320 1187 die
3359 1133 3505 1189 venit
3542 1134 3783 1202 Damasus,

2242 1219 2393 1271 venit
2433 1216 2658 1274 Siricius
2680 1262 2695 1283 ,
2737 1220 2889 1278 venit
2926 1221 3307 1295 innocentius,
3346 1228 3495 1284 venit
3530 1227 3718 1284 Priscus
3748 1239 3792 1286 et

534 1307 693 1381 (ως.
746 1301 1128 1377 Constantius)
1178 1301 1347 1359 dixit:
1369 1300 1589 1358 «Videte
1613 1301 1755 1357 bunc
1780 1301 2132 1373 sacrilegum,
2166 1309 2214 1369 B
2241 1307 2488 1365 Urbanus
2516 1310 2729 1368 diaconi
2755 1313 2821 1367 ad
2851 1314 3059 1371 beatum
3082 1316 3300 1373 Petrum
3326 1320 3634 1390 apostolum.
3658 1322 3795 1378 Erant

530 1400 654 1472 quia
682 1397 826 1471 quod
855 1411 1145 1467 numquam
1171 1395 1370 1451 sactum
1399 1403 1515 1460 est,
1545 1395 1670 1449 iecit
1698 1397 2139 1465 superstitionem

530 1492 804 1550 vanitatis.
841 1489 968 1546 Ideo
1025 1490 1141 1544 lia-c
1186 1489 1341 1560 plaga
1382 1487 1746 1545 multitudinis
1788 1489 2140 1546 barbarorum

532 1587 725 1658 ingens
745 1585 894 1642 venit
916 1599 1079 1654 snper
1096 1582 1358 1638 Romania
1376 1598 1391 1645 ;
1406 1602 1426 1636 s
1447 1591 1503 1639 et
1521 1583 1810 1638 ambulavit
1829 1583 1896 1639 ad
1916 1584 2140 1652 bellum,

532 1688 590 1736 et
614 1678 890 1751 protectus
918 1686 1003 1733 est
1029 1691 1152 1731 cum
1179 1674 1369 1745 grandi
1402 1675 1784 1740 amaritudine,
1816 1685 1873 1731 et
1901 1677 2137 1747 dicebat,

534 1769 662 1827 dum
691 1770 868 1827 exiret
893 1779 1099 1839 portam
1129 1768 1396 1824 civitatis:
1422 1784 1442 1819 ι
1466 1766 1799 1838 Sacrilegum
1828 1766 2102 1824 Liberium
2122 1811 2138 1836 ,

536 1863 632 1936 qui
660 1862 795 1919 dixit
822 1873 1071 1933 patruum
1100 1876 1277 1916 meum
1305 1859 1472 1915 ruisse
1502 1860 1807 1931 leprosum,
1831 1869 1886 1916 et
1905 1861 2145 1930 baptisa-

534 1964 649 2011 tum
676 1971 707 2010 a
736 1954 997 2013 Silvestro
1019 1952 1293 2023 epist-opo.
1327 1963 1384 2008 et
1414 1950 1756 2018 mundatum,
1798 1952 1926 2007 dum
1956 1952 2144 2009 abiero

537 2064 704 2119 super
743 2047 1123 2118 quadrupedes
1165 2044 1422 2111 Danubii,
1449 2056 1499 2101 et
1528 2044 1820 2101 concidero
1845 2046 2140 2113 barbaros,

536 2145 755 2203 rediens
780 2142 847 2199 ad
875 2142 1064 2198 urbem
1096 2140 1357 2206 Romam,
1391 2138 1700 2195 volucribus
1723 2139 1850 2195 co·li
1874 2149 1932 2194 et
1958 2140 2144 2198 bestiis

536 2250 695 2297 terrac
715 2251 905 2293 earnes
929 2235 1045 2306 ejus
1065 2233 1396 2300 immolabo;
1443 2231 1620 2302 ipsum
1643 2236 1817 2288 sotum
1841 2232 2141 2301 Liberium,

534 2346 645 2389 nnn
679 2331 823 2387 enim
856 2328 1023 2385 alios:
1059 2344 1125 2383 ne
1154 2327 1336 2382 dicunt
1365 2336 1421 2381 et
1448 2325 1724 2382 affirment
1750 2342 1837 2382 me
1862 2342 1985 2383 esse
2017 2342 2141 2397 per·

540 2433 905 2481 secutorem.»
935 2421 1067 2474 Dum
1117 2427 1265 2474 esset
1313 2427 1494 2473 autem
1547 2420 1600 2474 in
1654 2434 1828 2489 pugna
1877 2418 2139 2486 Danubii,

536 2515 806 2574 Constans
836 2511 1046 2568 fortiter
1072 2511 1383 2580 urgebatur.

610 2609 663 2665 7.
686 2607 919 2663 Liberius
932 2614 984 2660 ut
1011 2607 1062 2659 in
1086 2603 1299 2660 basilica
1317 2604 1374 2660 S.
1416 2603 1560 2659 Petri
1577 2603 1796 2676 baptizet
1823 2616 2059 2675 roqatur.
2074 2637 2146 2647 —

2243 1402 2389 1457 enim
2419 1402 2490 1459 ibi
2521 1406 2849 1462 monimenta
2874 1448 2890 1473 ,
2917 1415 2975 1465 et
2998 1423 3162 1481 super
3187 1425 3323 1483 aqua
3355 1411 3647 1471 denatabat.
3675 1415 3797 1471 Fecit

2245 1505 2424 1552 utitem
2465 1499 2616 1569 quasi
2659 1515 2780 1555 cum
2824 1516 2917 1555 eos
2961 1499 3124 1576 (ιφ.
3157 1504 3272 1575 eis)
3315 1507 3593 1563 consilium
3636 1508 3794 1562 Dama·

2244 1604 2358 1655 suS‚
2389 1598 2444 1646 et
2467 1592 2631 1647 dixit:
2654 1611 2673 1644 ι
2696 1593 2826 1650 Date
2849 1593 2980 1650 mihi
3012 1612 3174 1666 opera
3204 1599 3445 1671 mysterii
3475 1601 3798 1673 (ministerii),

2244 1690 2303 1737 ut
2331 1681 2448 1739 haec
2474 1699 2610 1754 aqua
2642 1687 2930 1742 mundetur
2948 1689 3184 1759 desuper
3206 1691 3470 1748 cadavera
3491 1692 3754 1749 bominum.
3778 1712 3797 1748 s

2245 1774 2398 1832 Fecit
2445 1788 2626 1834 autem
2683 1779 2963 1838 cuniculos
3009 1781 3186 1849 dnoS,
3232 1794 3289 1842 et
3330 1787 3619 1843 exinanivit
3659 1788 3802 1844 locum

2244 1867 2393 1922 illum
2437 1871 2525 1941 qni
2575 1879 2662 1926 est
2709 1887 2738 1926 n
2791 1873 2980 1930 dextra
3026 1876 3426 1935 introeuntibus
3469 1879 3520 1934 in
3565 1880 3800 1935 basilicam

2243 1959 2386 2016 beati
2435 1963 2576 2019 Petri
2623 1967 2874 2035 apostoli.
2927 1966 3169 2025 Habebat
3211 1971 3353 2027 enim
3402 1972 3596 2029 ibidem
3639 1975 3804 2029 iontem

2246 2071 2368 2123 qua·
2399 2058 2534 2129 (leq.
2579 2057 2712 2134 qui)
2747 2076 2852 2115 non
2885 2063 3208 2120 sufficiebat.
3256 2065 3321 2121 Et
3361 2068 3570 2124 caecidit
3605 2079 3802 2123 montem

2247 2149 2508 2207 Damasus
2530 2168 2690 2210 :nanu
2713 2171 2827 2212 sna.
2854 2157 2916 2213 Et
2943 2158 3175 2216 introivit
3206 2162 3325 2232 plns
3345 2179 3507 2233 quam
3535 2178 3806 2222 consuetum

2245 2253 2347 2299 est.
2384 2244 2452 2299 Et
2477 2251 2784 2304 construxit
2808 2251 3030 2309 sontem.
3063 2251 3133 2309 Et
3163 2257 3548 2314 nuntiaverunt
3575 2258 3624 2314 bi
3649 2271 3806 2313 omues

2245 2335 2462 2392 Liberio
2502 2339 2759 2412 episcopo
2799 2344 2927 2409 quid
2965 2354 3144 2402 actum
3175 2346 3384 2406 suisset.
3422 2350 3493 2407 Et
3522 2351 3671 2423 jussit
3703 2368 3809 2407 eon·

2247 2433 2431 2488 venire
2474 2447 2667 2492 omnes
2714 2438 3097 2511 presbyteros,
3143 2442 3433 2514 clerosque
3469 2454 3527 2502 et
3565 2449 3808 2502 universos

2249 2525 2268 2595 (
2287 2527 2331 2595 s.
2363 2542 2428 2582 ex
2460 2529 2638 2584 unire·
2653 2531 2762 2596 sis)
2789 2533 3047 2602 gradibus
3081 2536 3168 2592 vel
3197 2535 3409 2596 fideles·
3453 2539 3522 2595 Et
3548 2555 3671 2597 voce
3691 2540 3808 2595 clara

2246 2618 2414 2675 dixit:
2451 2640 2468 2671 ι
2495 2620 2670 2678 Vocat
2713 2623 2910 2681 Petrus
2946 2642 3075 2684 cives
3110 2643 3260 2684 suas.
3300 2630 3450 2689 Ecce
3487 2633 3642 2690 bomo
3682 2632 3807 2688 tidem

540 2703 775 2761 veniens
822 2710 1001 2757 aulem
1047 2699 1165 2756 dies
1209 2699 1588 2763 Pentecosten,
1637 2702 1767 2756 batis
1817 2711 2145 2771 prole-*lalus
2171 2703 2217 2768 C
2250 2728 2472 2769 servans
2493 2757 2510 2780 ‚
2541 2712 2815 2772 Christum
2844 2719 3066 2776 audiens
3095 2733 3151 2777 et
3180 2738 3268 2778 me
3305 2736 3680 2795 'Reman-em,
3713 2725 3810 2782 [ecit

543 2812 710 2853 sexus
742 2793 1081 2865 promiscuus
1110 2791 1402 2862 urgebatur
1426 2792 1493 2846 ad
1546 2793 1869 2856 bumannum
1922 2802 2144 2865 proptor

537 2905 743 2947 metum
772 2887 1183 2958 persecutionis.
1212 2885 1351 2941 Dicit
1371 2894 1550 2940 autem
1576 2884 1658 2955 (5)
1683 2885 1966 2960 Dionysius·
1994 2902 2148 2956 pres-

541 2984 697 3056 byter
723 2999 735 3035 :
764 2982 943 3050 Quare
993 2995 1100 3035 uon
1154 2977 1393 3046 baptizas
1432 2977 1500 3032 ad
1551 2980 1782 3047 primum
1833 2978 2142 3048 pontiticem

541 3087 786 3135 nostrum
828 3077 1043 3133 Petrum
1086 3073 1431 3145 apostolum?
1474 3073 1774 3143 Respondit
1804 3073 2062 3131 Damasus
2089 3084 2146 3131 et

539 3170 675 3227 dixit
713 3187 726 3223 ε
771 3167 910 3234 Faez
946 3167 1231 3225 eratenim
1280 3167 1545 3223 obscurus
1594 3180 1786 3221 seusus
1807 3165 2143 3237 Liberiiepi-

540 3265 689 3335 scopi
713 3262 904 3318 dicens
928 3280 946 3317 ι
975 3261 1204 3317 Patruus
1233 3258 1336 3333 (In
1366 3260 1497 3314 actis
1531 3258 1775 3325 Damasi,
1800 3265 1987 3332 pater)
2024 3260 2145 3332 ejus

539 3354 824 3414 fabricavit
841 3352 1126 3412 ecclesiam
1151 3351 1309 3422 banc,
1336 3359 1391 3409 et
1409 3352 1728 3408 construxit.
1752 3352 2019 3420 Quoniam
2044 3353 2143 3409 ba-

614 3537 697 3614 (t)
725 3538 783 3595 ln
812 3536 1021 3592 Damasi
1053 3534 1157 3589 vita
1189 3533 1330 3589 istud
1357 3534 1428 3589 iva
1456 3533 1775 3603 explicatur,
1806 3541 1865 3590 ut
1887 3534 2147 3592 vaticine-

544 3621 632 3667 tut·
661 3610 905 3667 Liberius
934 3607 1072 3678 quod
1099 3605 1276 3661 beatus
1308 3604 1567 3662 Damasus
1602 3621 1695 3676 pro
1735 3608 2010 3662 eminentia
2046 3609 2148 3662 hu·

544 3682 780 3739 militatis
808 3691 855 3734 et
884 3678 1184 3744 minitantia.
1212 3678 1281 3731 ad
1303 3677 1501 3732 cutmen
1526 3677 1664 3732 sedis
1689 3676 1991 3751 apostolicae
2014 3689 2147 3737 esset

542 3755 847 3827 quandoque
872 3750 1244 3822 provehendus.

618 3825 701 3894 (2)
743 3824 869 3878 ilaue
908 3824 977 3876 ita
1017 3820 1327 3875 emendavit
1362 3818 1488 3875 vitoe
1531 3819 1741 3876 Damasi
1782 3821 2044 3889 scriptor:
2077 3823 2146 3880 In

545 3896 722 3955 diebus
748 3895 855 3950 illis
879 3892 1155 3948 »nutriendo
1174 3890 1512 3948 barbarorum
1530 3909 1686 3964 super
1707 3891 2004 3950 Danubium
2023 3912 2149 3952 con-

544 3978 760 4041 yreqata
782 3977 885 4030 est,
917 3979 969 4018 ut
997 3966 1123 4033 fines
1152 3962 1503 4017 Romanorum
1525 3964 1609 4018 inv
1629 3965 1840 4019 rderent.
1871 3965 2024 4031 Quod
2047 3984 2141 4022 au.

549 4042 716 4106 diens,
746 4039 1026 4111 imperator
1054 4032 1387 4090 Constantius
1417 4035 1527 4089 uit:
1568 4034 1739 4091 Videte
1766 4037 1903 4091 bunc
1930 4040 2145 4094 sacrile-

547 4128 697 4184 gum,
730 4126 850 4179 quia
875 4107 1013 4179 quod
1042 4122 1322 4176 numquam
1353 4108 1546 4176 [actum
1573 4117 1677 4168 est.
1708 4109 1856 4177 [ecit.
1893 4109 2008 4162 ideo
2036 4111 2143 4166 koec
2173 4100 2221 4161 D

548 4180 704 4254 playa
731 4181 1071 4234 intuiieudiuis
1097 4193 1249 4238 super
1266 4193 1482 4246 requam
1505 4187 1753 4232 nostrum.
1780 4179 1844 4234 Et
1870 4180 2011 4249 iufra
2036 4182 2144 4238 dies

546 4251 816 4326 paschales
850 4253 1106 4321 profectus
1149 4259 1225 4303 est
1260 4249 1327 4303 ad
1365 4247 1579 4305 bellum.
1622 4251 1942 4306 comminans
1968 4295 1981 4314 ,
2028 4270 2144 4309 cum

550 4323 957 4396 proficisceretur
1013 4320 1214 4375 Liberio
1242 4321 1502 4392 episcopo.
1536 4325 1674 4391 quod
1700 4322 1859 4376 uictor
1886 4337 2143 4381 revertens

547 4411 728 4450 carnes
757 4395 866 4462 ejus
894 4392 1184 4448 volucribus
1213 4392 1326 4447 coeii
1356 4400 1399 4446 et
1440 4403 1590 4446 terroe
1630 4394 1804 4447 bestiis
1831 4395 2141 4452 immolaret.

620 4466 701 4540 (3)
740 4467 795 4520 ln
825 4466 931 4518 vita
965 4464 1175 4518 bunia-i
1208 4464 1371 4530 ipsius
1404 4462 1613 4517 Damasi
1645 4465 1762 4518 baec
1788 4479 1907 4520 sunt
1941 4468 2139 4536 verbm

548 4541 602 4595 in
635 4540 776 4592 bunc
802 4539 946 4590 enim
977 4535 1192 4589 modum
1226 4535 1374 4587 locus
1406 4534 1506 4587 iste
1533 4543 1892 4591 restauratur:
1932 4536 2144 4594 Valente

546 4623 718 4664 autem
749 4605 952 4661 Liberio
979 4605 1034 4658 in
1065 4605 1362 4672 praescripto
1389 4606 1666 4660 coemiterio
1696 4606 1939 4662 Usu-iano
1980 4612 2143 4684 bapti-

547 4699 688 4746 zare,
717 4680 787 4734 ut’t
818 4678 886 4731 ud
912 4692 1028 4731 eum
1054 4674 1117 4731 R.
1144 4675 1396 4728 Damasus
1414 4691 1432 4729 .·
1450 4677 1623 4742 Quare
1649 4681 2030 4746 opportunitate
2056 4700 2145 4738 ac·

545 4763 693 4813 cepta
724 4768 824 4804 uon
854 4748 1084 4809 baptizas
1114 4747 1184 4800 ud
1216 4746 1432 4814 primum
1463 4760 1693 4803 nostrum
1724 4757 2010 4819 pontificem
2048 4753 2145 4808 Pe-

546 4836 686 4878 trum
709 4823 997 4886 apostquon
1013 4821 1038 4872 ἲ
1063 4816 1344 4886 iio-spondit
1366 4816 1615 4873 Liberius.
1640 4823 1775 4889 Quia
1800 4823 1974 4878 dubito
2002 4827 2144 4888 (nom

546 4908 692 4969 puer
720 4895 831 4965 ejus
862 4890 1126 4961 fabricavit
1155 4892 1291 4943 Ιυιηε
1313 4890 1574 4942 ecclesiam
1593 4930 1609 4955 ,
1640 4903 1682 4945 et
1732 4896 2040 4967 construxit)
2079 4915 2142 4953 ne

546 4984 610 5023 a
638 4970 731 5020 tmc
760 4973 920 5020 iratus
960 4968 1092 5032 sev-ut
1127 4960 1446 5014 sententium.
1493 4959 1737 5016 Homines
1770 4968 1904 5019 enim
1945 4970 2143 5023 renasci

547 5038 865 5094 desiderant.
901 5051 999 5088 uon
1030 5034 1176 5088 mori.
1209 5034 1366 5098 Quasi
1396 5046 1526 5086 vero
1553 5032 1595 5085 .κί
1625 5032 1842 5090 Libonio
1869 5037 1936 5090 ati
1966 5038 2142 5094 ecclo-

544 5112 680 5165 siam
715 5109 772 5163 B.
809 5109 947 5163 Petri
980 5107 1237 5161 accudere
1268 5104 1491 5159 liberum
1533 5105 1749 5169 luisset,
1792 5106 1907 5161 lucc
1948 5110 2137 5165 idonea

545 5190 691 5238 esset
720 5181 856 5234 ratio
883 5193 979 5233 cnr
1008 5179 1075 5231 ab
1108 5179 1171 5233 nis
1199 5177 1285 5246 qui
1318 5177 1639 5240 lnaptismum
1677 5181 2032 5248 expetebant,
2067 5183 2136 5238 ibi

544 5252 881 5325 baptizandis
904 5249 1227 5316 abstineret,
1249 5248 1371 5321 quia
1399 5247 1515 5306 baec
1536 5250 1764 5308 ecclesia
1785 5266 1815 5307 a
1841 5253 2141 5312 Constantii

542 5335 695 5396 patre
721 5327 1028 5381 constructa
1054 5326 1223 5379 esset.

2243 2807 2387 2863 ovile
2415 2810 2595 2865 ovium
2619 2852 2634 2875 ‚
2664 2820 2721 2868 et
2747 2811 2896 2868 dedit
2925 2813 3145 2885 eloquio
3176 2832 3297 2872 meo
3332 2818 3668 2876 dulcedinem
3702 2821 3810 2874 mel·

2242 2899 2344 2956 lis:
2380 2911 2599 2972 propter
2627 2904 2770 2975 quod
2801 2921 2902 2976 ego
2929 2908 3162 2978 gaudeo,
3195 2911 3318 2980 quia
3360 2928 3474 2967 non
3514 2914 3705 2969 dimisit
3733 2912 3811 2968 Pe·

2246 3006 2360 3051 trus
2387 2997 2612 3055 introire
2649 3000 2862 3069 lupum,
2898 3012 2951 3056 et
2987 3002 3273 3060 devastare
3311 3021 3450 3063 oves
3486 3007 3618 3077 ejus.
3653 3006 3811 3061 scmus

2246 3091 2569 3161 baptismum
2603 3109 2688 3152 me
2717 3096 3012 3164 praedicare
3043 3098 3096 3153 in
3128 3098 3344 3155 basilica
3373 3100 3527 3158 Petri
3555 3103 3808 3172 apostoli.»

2243 3183 2358 3241 ttae
2385 3200 2575 3243 omues
2589 3202 2713 3243 cum
2731 3190 2925 3256 gaudio
2939 3205 3316 3263 susceperuut.
3336 3193 3474 3250 Erat
3498 3196 3637 3253 euim
3660 3194 3813 3266 proxi·

2246 3292 2364 3331 mus
2409 3276 2525 3334 dies
2555 3279 2937 3339 Pentecosten.
2994 3283 3150 3340 Fecit
3201 3289 3504 3345 convenire
3531 3287 3815 3345 monasteria

2243 3377 2300 3425 et
2328 3371 2540 3440 plebem
2572 3382 2815 3430 sanctam
2856 3375 3308 3435 Christianorum.
3353 3379 3430 3438 Et
3467 3399 3589 3439 cum
3627 3382 3813 3437 izi-tanes

2245 3461 2519 3535 (litaniis)
2548 3466 2692 3519 venit
2723 3466 2790 3520 ad
2820 3467 3039 3524 beatum
3072 3470 3292 3527 Petrum
3322 3478 3653 3542 apostolum.
3690 3472 3817 3530 Dedit

2244 3562 2423 3610 autem
2444 3596 2459 3621 ,
2489 3556 2616 3611 dnm
2648 3556 2956 3630 introisset,
2990 3562 3130 3618 bane
3155 3564 3466 3622 orationem
3489 3586 3504 3624 :
3526 3588 3546 3622 ι
3572 3568 3715 3636 Deus,
3743 3564 3816 3634 qui

2246 3647 2440 3705 misisti
2480 3649 2676 3707 Filium
2707 3662 2880 3723 tumn,
2921 3667 2978 3713 et
3023 3658 3306 3717 ostendisti
3343 3674 3619 3721 crenturae
3643 3673 3819 3721 creato·

2318 3828 2398 3901 (4)
2432 3831 2496 3886 Et
2527 3830 2623 3885 ista
2656 3833 2778 3888 vim
2821 3833 3036 3893 Danuasi
3076 3849 3264 3897 auctor
3305 3844 3385 3899 sic
3431 3846 3685 3901 mutavit:
3718 3839 3817 3898 Non

2248 3905 2477 3956 turbetur
2507 3919 2596 3958 cor
2624 3915 2802 3970 tuum,
2834 3909 3064 3979 pontifex
3092 3929 3317 3982 suntme,
3350 3926 3400 3971 et
3428 3918 3475 3971 si
3503 3934 3698 3973 coronae
3717 3927 3817 3970 tem·

2249 3989 2346 4041 pus
2374 3974 2578 4028 advenit
2633 3976 2739 4031 Sed
2768 3987 2815 4034 et
2845 3979 2908 4032 de
2934 3996 3068 4051 aqua
3098 4001 3160 4038 ne
3185 3985 3257 4040 sis
3283 3986 3577 4045 soliis-itus:
3603 4007 3686 4063 ego
3711 3987 3818 4041 dabo

2249 4044 2336 4099 tibi·
2368 4051 2734 4172 renam‘sontis
2772 4065 3110 4109 emanantem.
3158 4055 3224 4111 Et
3264 4061 3625 4117 corroboratus
3658 4060 3817 4131 qoudio

2247 4112 2486 4172 Liberius
2511 4136 2542 4171 a
2607 4121 2811 4176 verbum
2834 4122 2946 4194 ejus
2963 4166 2977 4190 ,
3006 4127 3081 4181 ait
3107 4129 3187 4182 ei:
3217 4128 3364 4184 Vade
3389 4135 3593 4203 itaque,
3619 4144 3819 4188 construe

2252 4189 2443 4259 sontem
2471 4191 2770 4262 amoenum
2790 4236 2804 4257 ,
2837 4205 2890 4250 ut
2917 4211 3251 4255 renascantur
3279 4219 3457 4260 ontnes
3494 4208 3584 4269 oui
3616 4205 3820 4260 Ecctafae

2253 4261 2346 4324 filit
2378 4276 2485 4314 esse
2516 4264 2747 4326 cupiunt.
2798 4265 2860 4319 Et
2899 4267 2982 4320 die
3018 4273 3164 4324 tertio
3191 4275 3395 4329 veniens
3431 4276 3680 4332 Damasus
3703 4291 3820 4344 pres-

2251 4329 2392 4401 byter
2419 4349 2531 4385 cum
2560 4336 2862 4392 diaconibus
2889 4338 2958 4393 ad
2986 4345 3248 4398 ecclesiam
3278 4345 3340 4400 S.
3372 4347 3522 4404 Petri
3539 4393 3553 4410 ,
3581 4345 3818 4403 continuati·

2250 4413 2364 4455 cato
2406 4407 2620 4460 consitio
2685 4410 2815 4463 dixit
2841 4426 2952 4467 ets:
2996 4410 3130 4467 Date
3172 4416 3298 4469 nu'iti
3337 4436 3552 4483 operam
3591 4416 3818 4476 ministerii

2248 4473 2422 4546 liujus.
2467 4473 2752 4535 Providens
2793 4492 2959 4536 autem
3000 4485 3220 4554 expiavit
3262 4489 3434 4542 locum
3472 4494 3620 4548 iilum
3655 4494 3730 4549 atti
3759 4494 3817 4542 Μ

2249 4547 2316 4598 ad
2343 4546 2602 4602 dexterum
2625 4553 2995 4608 introeuntibus
3019 4555 3280 4613 basilicam
3301 4559 3364 4614 B.
3392 4561 3577 4632 Petri,
3594 4563 3816 4620 etimtnnu

2250 4616 2371 4670 inde
2396 4623 2534 4672 ouon·
2560 4625 2828 4695 putredine
2846 4665 2863 4690 ,
2891 4630 3277 4698 construxitque
3311 4636 3484 4704 sorites
3503 4678 3520 4702 ,
3565 4648 3614 4692 et
3653 4632 3817 4690 cecidit

2251 4699 2468 4742 montem
2512 4695 2802 4750 proximum
2841 4696 3094 4754 Damasus
3131 4717 3287 4756 manu
3323 4722 3424 4761 sua
3448 4750 3457 4757 .
3483 4748 3501 4764 .
3524 4747 3539 4760 .
3560 4719 3608 4765 et
3630 4703 3817 4761 ntattevt'l

2250 4777 2383 4829 aqua
2405 4761 2741 4829 obmutauter,
2768 4778 2821 4821 ut
2843 4769 3057 4841 repleret
3083 4775 3249 4843 sontes
3267 4792 3394 4840 quos
3418 4779 3535 4849 ipse
3555 4791 3799 4835 construe

2249 4844 2350 4885 rut.
2390 4832 2609 4890 (invisus
2648 4850 2816 4893 cautem
2853 4857 2916 4895 ea:
2955 4842 3051 4895 boc
3089 4843 3321 4901 Liberius
3359 4851 3517 4908 iussit
3554 4844 3816 4923 conprecari

2247 4906 2563 4975 presbyteros
2600 4919 2648 4963 et
2688 4911 2820 4965 aiios
2860 4915 3231 4970 ecclesiasticos
3270 4921 3489 4985 aradus.
3532 4921 3730 4977 Veniens
3761 4917 3816 4973 ed

2246 4974 2510 5031 basilicam
2533 4994 2864 5044 proenotutmn
2879 5026 2895 5048 ‚
2918 5002 3033 5040 cum
3056 4991 3523 5058 appropinquasset
3540 4996 3609 5048 ad
3625 4996 3815 5062 sontem,

2245 5045 2382 5127 dedit
2419 5050 2698 5105 orationem:
2737 5055 3064 5127 ltuJ‘usmodi:
3106 5058 3244 5114 Deus
3279 5065 3607 5131 antarpot-»ns
3628 5067 3710 5138 qui
3739 5061 3813 5114 Μ’·

2245 5119 2375 5182 sisti,
2400 5128 2531 5185 etv..
2560 5125 2724 5191 fitium
2750 5137 2917 5191 tuum,
2933 5138 2978 5181 et
3003 5131 3268 5186 ostendisti
3288 5136 3525 5192 omnium
3548 5149 3814 5200 creatorem,

2244 5190 2438 5261 respice
2475 5210 2631 5263 super
2672 5201 2871 5255 cineam
2911 5201 3062 5257 istam
3084 5243 3102 5268 ,
3145 5221 3299 5271 otnant
3337 5212 3599 5276 plantavit
3636 5211 3814 5265 dexter·

2247 5269 2412 5389 tta-1.
2437 5301 2452 5317 .
2479 5305 2493 5320 .
2515 5269 2741 5336 [ructum
2767 5273 3014 5339 veritatis,
3037 5275 3124 5346 qui
3147 5276 3274 5332 civis
3297 5288 3347 5334 et
3369 5294 3563 5353 regnas
3586 5284 3640 5339 in
3655 5275 3814 5338 muts

2243 5350 2265 5385 s
2345 5351 2375 5388 u
2399 5351 2564 5392 orum.
