3975 6292
148 148 220 213 title
538 151 676 212 canoto}
696 151 817 213 aurant
834 151 937 212 LlBER
957 153 1004 224 DE
1021 154 1272 220 tentantibus
1292 159 1419 222 ntvtnn.
1733 172 1804 236 tttt

148 265 312 336 tarerintttss
336 273 425 333 ιιῐεθιι
449 267 554 339 otarnm
580 270 748 342 requiramus
775 273 803 332 in
824 288 878 350 qua
904 273 949 336 die
962 272 1091 352 Alouanis
1105 267 1457 342 eonstunmata'invenimus
1471 295 1532 341 esre
1542 323 1554 356 ,
1566 291 1596 339 ur
1607 291 1684 341 serra
1699 284 1744 345 nte
1757 288 1804 344 da-

148 359 231 426 tteuto
251 359 339 426 ιιειιιι
349 359 404 432 ¹sit,
420 368 509 425 utrum
524 363 617 436 quinta
631 363 675 425 die
692 375 844 439 sussexta,
862 375 891 425 ut
905 367 948 424 iu·
1001 363 1136 439 divisurus,
1149 367 1275 427 Deumeb
1285 372 1547 445 onrnibusoperibus
1558 379 1615 434 suls
1625 381 1801 450 requievisse.

148 454 271 518 veniatur
283 469 397 526 vespera
412 455 435 512 si
453 455 526 528 prior
545 465 586 515 εει
601 472 616 519 a
631 457 773 522 matutino·
790 459 861 520 Dixit
875 460 947 518 euim
999 457 1077 526 Quod
1096 460 1117 515 si
1139 468 1200 532 post
1213 476 1343 534 aqttarurn
1364 466 1530 526 creationem
1552 469 1689 545 intelligas
1707 489 1802 550 vespe-

148 549 238 608 Dettt:
252 546 393 609 eaerum
412 548 541 611 demittent
555 550 589 606 nd
607 551 747 622 temptarent
760 562 784 615 et
798 552 950 610 contrudi·
999 569 1058 612 raur
1070 597 1078 621 ‚
1092 556 1214 631 iuvenire
1229 559 1330 628 poteris
1351 576 1404 616 uon
1419 563 1507 634 quarti
1522 563 1574 620 diei
1587 565 1739 638 principia,
1753 558 1814 625 sed'

146 657 206 698 uem
226 649 351 704 nostram.
375 639 409 696 Et
429 640 491 711 [coit
510 641 581 702 Deus
594 644 724 700 toaiincm
739 659 749 700 .·
763 644 798 702 stt
811 645 948 716 imoqinaut
999 647 1100 719 quintae
1113 649 1202 709 noctis
1221 650 1305 711 initia.
1319 651 1397 722 Quod
1416 654 1439 710 si
1456 671 1550 712 vertam
1565 668 1626 727 eat,
1642 661 1801 719 matutinum

146 732 196 791 Det'
208 733 268 806 [ecit
280 733 355 814 t'itttttt
369 746 379 788 :
392 733 535 792 ιιαιειιιιιι
548 742 571 790 ει
585 734 710 806 [eminam
723 735 783 807 tecit
796 752 848 805 eor,
863 737 948 793 ‹tedit-
999 739 1089 808 istud,
1102 741 1173 812 quod
1197 752 1259 813 post
1277 759 1416 818 vesperam
1436 748 1600 827 appeliatum
1620 760 1679 821 est,
1694 767 1747 808 nou
1768 755 1801 810 ad

144 827 259 898 que-iilis
280 842 355 884 omne
373 825 497 898 potatum
516 828 550 886 ad
565 844 659 887 meam.
676 829 710 887 Et
725 830 824 902 lectum
838 841 874 891 cst
891 847 948 889 oct·
999 833 1120 903 quintam
1135 834 1208 892 diem
1228 837 1381 906 pertinere,
1396 837 1444 896 sed
1464 839 1632 908 adsertam,
1649 845 1711 914 quia
1727 845 1752 900 in
1769 861 1802 902 eo

145 938 226 996 pers,
238 931 263 980 et
277 921 512 994 tutamentum
525 923 579 984 dt'et
592 934 678 985 metm
705 925 795 1002 (Gen,
809 944 830 998 1,
848 929 899 998 26,
911 930 946 988 bi
999 926 1133 1000 scriptura
1159 927 1238 986 docet
1261 945 1330 997 nris,
1352 933 1424 1005 quod
1446 933 1529 992 bomo
1552 935 1639 994 iactus
1651 948 1702 996 est.
1724 939 1802 998 Untie

145 1026 170 1074 et
181 1015 247 1092 bt).
265 1016 341 1078 Unde
355 1021 378 1076 ei
396 1020 590 1082 matutinatus
607 1020 641 1081 de
653 1031 728 1087 sexta
743 1024 787 1086 die
801 1033 852 1096 eat,
866 1025 948 1090 tronto
999 1030 1062 1091 post
1075 1020 1205 1080 iacturam
1220 1023 1341 1097 ejusdem
1354 1027 1473 1087 bominis
1488 1046 1629 1108 vesperam
1649 1031 1747 1090 iactam
1761 1036 1801 1090 di·

144 1126 209 1184 erqo
232 1111 327 1182 seinte
345 1110 391 1172 die
404 1111 489 1174 ιεειιι
501 1121 553 1172 εει.
575 1112 641 1174 nim
663 1115 688 1175 si
700 1127 775 1177 sexta
795 1119 840 1182 die
861 1120 947 1184 laeum
998 1117 1052 1182 eit,
1068 1124 1097 1173 et
1111 1117 1294 1188 matutinum,
1310 1120 1383 1198 quod
1400 1137 1464 1180 vere
1477 1124 1587 1198 septimi
1602 1125 1655 1184 diei
1670 1137 1712 1186 est
1726 1129 1799 1200 prin-

144 1212 203 1272 est,
216 1205 383 1277 approbator
396 1208 527 1268 matutina
536 1207 632 1270 istade
643 1210 757 1282 septima
770 1211 813 1271 die
824 1228 902 1283 erse,
917 1217 956 1280 tq,
998 1209 1109 1282 cipium.
1129 1210 1158 1268 ln
1185 1212 1244 1285 ipso
1266 1214 1338 1273 enirn
1364 1218 1496 1274 matutino
1523 1221 1656 1297 requievit
1677 1222 1749 1278 bears
1767 1223 1800 1280 ab

144 1313 196 1371 qua
218 1299 291 1358 Deos
309 1300 451 1372 requievit.
473 1299 550 1370 Quod
568 1303 591 1360 si
617 1302 746 1374 minime,
774 1306 857 1368 redde
881 1309 946 1371 anibi
998 1301 1123 1360 omnibus
1140 1306 1267 1376 operibus
1283 1306 1353 1376 suis,
1368 1325 1427 1380 quae
1442 1325 1561 1384 eoeperat
1582 1313 1670 1371 iacere
1684 1333 1690 1369 :
1706 1333 1759 1371 nixu
1773 1318 1798 1372 in

144 1395 190 1452 nin
215 1409 298 1467 epm
328 1394 398 1453 sexti
422 1394 477 1454 diei
499 1395 545 1455 uni
569 1405 653 1467 sunt,
680 1413 735 1469 quq
761 1413 946 1466 mmmmm
998 1409 1110 1466 vespera
1135 1399 1285 1469 quaeerit
1307 1400 1361 1456 diei
1388 1404 1527 1479 sequeutia
1550 1415 1619 1463 erat.
1642 1405 1683 1464 Tu
1706 1423 1798 1471 natata.

144 1494 208 1544 ⁸¹¹¹ss
227 1489 318 1548 ⁰⁰¹³st
344 1503 406 1558 Μ
426 1487 472 1548 (¹5⁰
495 1499 572 1548 ⁸⁰¹²⁰
593 1489 662 1552 fam
679 1505 741 1552 0⁵⁸⁸
752 1493 830 1558 (filib
844 1495 946 1566 litium
997 1489 1094 1558 amice,
1109 1491 1233 1570 perspice
1250 1492 1356 1563 pionius
1371 1495 1531 1566 lectionem,
1548 1508 1575 1556 et
1591 1501 1631 1556 lac
1649 1501 1740 1560 anioto
1754 1514 1799 1559 tun

143 1591 234 1640 sumta
247 1581 290 1641 die
307 1583 415 1642 invenio
430 1598 514 1656 aquas
533 1584 711 1658 produxisse,
733 1588 839 1659 reptilia
863 1601 944 1662 atqua
997 1583 1081 1651 satis,
1106 1599 1160 1644 noo
1183 1601 1263 1660 posse
1284 1596 1392 1646 noctem
1413 1591 1533 1665 praeponi
1557 1591 1632 1666 diei,
1654 1596 1694 1652 sic
1711 1612 1798 1670 nequo

142 1678 278 1746 anhelitu
307 1693 362 1736 nnn
384 1677 542 1752 hominem,
557 1681 602 1752 qui
623 1679 658 1739 de
681 1689 753 1740 terra
776 1683 863 1746 taetus
881 1701 943 1744 pum
958 1683 983 1746 Β
999 1693 1139 1752 vesperam
1155 1682 1303 1749 matutino,
1315 1683 1342 1739 in
1358 1699 1412 1756 quo
1426 1695 1503 1743 actus
1515 1696 1543 1743 et
1558 1702 1627 1759 opus
1638 1689 1691 1745 diei
1702 1689 1797 1747 dedui-

142 1770 362 1844 quadripedibus'
374 1779 402 1828 et
415 1771 510 1830 bestiis
534 1782 625 1835 terrm.
648 1773 726 1842 Quod
745 1775 769 1836 si
787 1778 879 1848 quinta
900 1777 945 1836 die
997 1781 1054 1830 tunt
1070 1773 1238 1847 ostenditur,
1254 1786 1281 1832 et
1294 1776 1334 1834 sic
1351 1793 1464 1851 vespera
1479 1790 1622 1853 prosecuta
1633 1782 1795 1854 appellatur.

143 1863 225 1921 homo
248 1877 312 1920 utro
337 1863 501 1936 supradictis
525 1863 612 1926 tac-tm
633 1874 700 1923 est:
716 1882 803 1938 oeque
824 1883 857 1926 ea
882 1885 944 1942 que
997 1863 1190 1938 betaiqnepost
1203 1866 1488 1939 sextidioivesperam
1501 1872 1617 1929 cessavit
1631 1876 1795 1931 onerationem

141 1970 218 2028 aqum
236 1955 426 2028 produxerunt
443 1956 613 2027 invenimus,
628 1975 715 2032 neque
731 1960 776 2020 ilia
791 1977 853 2034 qum
866 1971 942 2022 sexta
995 1956 1087 2015 lacere
1101 1975 1134 2015 ex
1150 1960 1207 2037 ipsa
1220 2003 1227 2030 ,
1239 1962 1309 2018 sicat
1322 1962 1357 2019 de
1368 1965 1515 2031 maturina,
1530 1980 1609 2036 quam
1624 1976 1716 2038 aperta
1731 1967 1797 2023 toci-

140 2050 386 2110 dieeouaummata
408 2059 482 2110 sunt.
506 2051 540 2111 itt
557 2053 695 2124 quomedo
718 2052 856 2126 Scriptura
877 2055 944 2120 dicit
995 2050 1083 2130 deque
1104 2055 1247 2128 septimam
1271 2047 1342 2111 diem
1366 2056 1496 2131 propbeta
1523 2056 1691 2116 denuntiavit
1710 2060 1795 2130 ipsam

139 2145 254 2216 septima
274 2145 319 2204 die
337 2145 502 2216 requievisse
517 2145 601 2206 ὓειιε
621 2145 657 2208 ab
676 2146 942 2220 umtribnsoperibus
994 2143 1160 2202 cesenate
1180 2147 1203 2203 si
1222 2162 1275 2205 non
1295 2147 1368 2229 ipsa,
1384 2155 1412 2204 tu
1434 2147 1584 2206 nuncdoce
1604 2148 1638 2205 de
1650 2149 1795 2208 dilectione

139 2241 198 2298 suia
209 2280 217 2309 ,
229 2240 339 2313 quando
353 2240 465 2309 invenio
476 2249 537 2313 post
558 2240 695 2303 bominem
707 2251 736 2306 ει
755 2257 787 2306 es
801 2258 863 2316 uuae
879 2259 941 2308 oum
992 2239 1135 2317 septimam
1146 2256 1303 2312 vesperam,
1319 2249 1484 2314 utsequatur
1495 2241 1569 2298 illam
1582 2252 1610 2300 ει
1621 2244 1792 2301 matutinum.

138 2332 326 2397 hominatum
343 2333 413 2392 laeta
425 2375 433 2402 ,
446 2343 661 2398 consummatam
678 2349 740 2402 este
751 2350 861 2400 omnent
876 2351 941 2408 ope·
993 2331 1070 2408 Quod
1085 2332 1110 2390 si
1126 2348 1178 2389 uon
1203 2334 1327 2403 iuuenis,
1341 2334 1422 2395 ereda
1438 2333 1547 2394 lectioni
1567 2337 1709 2408 septimam
1723 2337 1793 2393 dican

139 2443 294 2500 remquam
313 2429 384 2492 bera
401 2429 556 2496 initiaverat
577 2430 686 2491 taceret
699 2427 793 2502 ltaque
808 2430 832 2492 ti
845 2430 941 2502 quinta
992 2425 1078 2502 ipsam
1089 2441 1149 2487 esse
1160 2467 1168 2504 ,
1179 2443 1240 2502 quae
1254 2435 1316 2503 post
1330 2443 1470 2499 vesperam
1484 2427 1646 2486 matutinum
1659 2429 1794 2507 appellata
1823 2410 1830 2416 ’

138 2522 183 2580 die
200 2521 283 2582 nomo
299 2531 328 2581 et
347 2537 429 2596 ruma
444 2533 595 2588 memorata
610 2523 680 2588 taeta
693 2533 774 2594 sunt,
790 2522 883 2596 numm
896 2523 941 2588 die
993 2530 1046 2589 est.

506 2769 533 2820 ι
574 2763 584 2774 ··
740 2727 994 2848 panormi
1022 2727 1230 2813 aurant

634 2847 827 2958 ttnnn'on
847 2865 1142 2944 ennnnltrtottn
1168 2865 1323 2937 nivini,

720 2983 754 3024 tn
773 2981 877 3024 arntutt
896 2978 1059 3022 vturoxrumr
1078 2970 1235 3019 duarenus.

172 3079 194 3144 1.
214 3079 309 3144 Omnis
324 3080 515 3154 cerealium
536 3079 573 3136 uti
592 3077 679 3140 dulcis
698 3086 824 3139 surrectus
838 3077 973 3145 Vltro-G
991 3076 1122 3134 rationem
1132 3077 1256 3148 alicujus,
1266 3077 1363 3135 nedum
1380 3079 1406 3134 in
1420 3077 1578 3135 liei.tianet
1590 3078 1662 3137 enim
1673 3083 1791 3154 potentia

136 3191 221 3246 urna,
243 3175 356 3232 mutatio
379 3173 502 3246 quaedam
521 3182 573 3230 est.
596 3170 764 3230 lrnmutabile
785 3181 826 3232 est
847 3181 935 3235 autem
990 3171 1017 3233 in
1031 3185 1076 3238 eo,
1092 3171 1162 3241 quod
1177 3179 1220 3226 est
1233 3170 1415 3242 potentialiter
1425 3186 1498 3240 osso,
1514 3173 1572 3228 si'ne
1583 3173 1700 3233 actione.
1714 3174 1792 3236 Unde

135 3283 218 3334 omne
229 3267 370 3336 divinant.
385 3267 489 3329 seilicet
503 3266 583 3331 Deus.
599 3266 671 3325 Deus
685 3273 776 3336 autern
796 3265 840 3338 qni
861 3276 936 3338 pater
988 3263 1070 3334 igitur
1084 3272 1162 3318 nattis
1177 3272 1219 3348 εει
1235 3262 1327 3318 beust

136 3371 180 3424 est
195 3363 223 3426 in
237 3362 380 3431 ontnibttt.
396 3373 424 3420 et
437 3361 557 3422 omniurn
572 3360 657 3432 pritna
672 3374 754 3418 causa
780 3369 831 3416 est.
847 3360 874 3414 Si
887 3361 937 3432 igi·
1023 3355 1056 3414 ll.
1078 3356 1223 3414 Videamus
1236 3357 1327 3433 igitur,
1341 3375 1404 3415 num
1418 3357 1533 3417 sortasse
1551 3361 1711 3429 substantia,
1727 3379 1791 3420 trram

136 3467 180 3518 tur
193 3459 281 3528 Deus,
293 3457 448 3518 inversibile
460 3466 488 3514 et
501 3455 670 3516 immutabile
684 3455 774 3529 :quod
787 3463 877 3516 autern
893 3454 936 3512 in·
989 3452 1217 3523 substantialitas,
1244 3464 1387 3524 autequam
1411 3455 1480 3510 beus
1503 3455 1567 3523 luit,
1595 3454 1699 3512 luerit!
1718 3455 1788 3514 Num

134 3553 262 3612 versibiie
282 3562 310 3613 et
329 3549 517 3618 immutabile,
537 3565 625 3622 neque
641 3549 762 3622 qeoituro
785 3558 827 3609 est
847 3563 936 3624 neque
988 3547 1146 3616 existentia,
1160 3563 1223 3602 nunt
1243 3547 1470 3603 existentialitas?
1483 3547 1535 3604 Sed
1554 3549 1626 3606 enim
1640 3551 1790 3607 substantia

134 3655 247 3722 penem
261 3646 374 3718 aliquid.
392 3645 421 3706 si
441 3645 520 3717 initur
532 3643 584 3702 boc
598 3644 639 3703 sie
652 3658 681 3700 se
693 3643 785 3712 babet,
802 3641 936 3712 ingenitus
988 3639 1137 3712 subjeetum
1151 3655 1211 3696 cum
1226 3639 1276 3708 sit,
1292 3641 1367 3698 alteri
1379 3641 1529 3714 subiectum
1552 3651 1607 3709 est,
1624 3643 1649 3699 ei
1664 3645 1736 3712 quod
1760 3645 1789 3700 in

134 3748 177 3803 eat
191 3740 272 3804 berts-
285 3737 395 3808 Eteuitn
408 3737 557 3810 generatio,
570 3752 618 3810 per
630 3737 836 3797 conversionem
849 3743 877 3792 et
889 3750 937 3806 per
987 3731 1046 3804 ipso
1058 3739 1100 3786 est
1115 3749 1121 3786 :
1136 3741 1163 3787 et
1180 3740 1209 3787 ut
1221 3731 1334 3788 aiterum
1347 3741 1406 3800 est,
1433 3732 1467 3787 ab
1483 3748 1516 3789 eo
1535 3734 1606 3805 qnod
1620 3733 1647 3789 io
1661 3735 1720 3806 ipso
1732 3745 1784 3792 est.

134 3834 311 3896 mutationem
331 3833 471 3905 ueneratio
492 3838 545 3890 εει.
566 3829 642 3888 Nulla
668 3829 740 3886 eninr
768 3842 856 3899 neque
869 3827 935 3884 sub·
987 3824 1023 3881 Λι
1036 3841 1102 3882 vero
1115 3824 1189 3881 aliud
1201 3834 1228 3881 et
1238 3825 1310 3881 aliud
1325 3842 1377 3882 ooo
1392 3825 1521 3897 recipitur
1533 3828 1603 3884 circa
1619 3827 1715 3884 beatu.
1729 3829 1788 3886 Non

134 3929 233 3992 euntia
247 3941 335 3999 nostre
352 3924 584 3994 substantialitas,
611 3937 700 3996 neque
712 3921 831 3980 existens
849 3935 937 3995 neque
987 3917 1059 3974 ettirn
1075 3918 1101 3975 in
1117 3917 1186 3987 aiio,
1202 3927 1232 3974 ut
1245 3917 1317 3975 aliud
1333 3927 1385 3988 est,
1402 3919 1471 3976 Deus
1487 3926 1538 3976 est.
1556 3919 1614 3976 Nou
1630 3923 1701 3977 enim
1716 3921 1789 3978 aliud

133 4022 314 4088 existentitus,
333 4034 420 4092 neque
442 4019 585 4079 existentia
607 4032 695 4090 aeque
719 4013 935 4082 existentialitas,
988 4011 1081 4080 beus,
1105 4010 1177 4068 aliud
1203 4013 1287 4068 ileum
1302 4027 1372 4070 esse.
1398 4011 1517 4086 Simplex
1545 4015 1615 4070 enirn
1638 4015 1787 4086 quiddam,

134 4131 222 4188 neque
233 4114 370 4187 potentia,
385 4119 448 4172 ante
464 4113 634 4188 Deumessa,
650 4110 707 4168 init.
722 4108 787 4178 Quia
801 4108 873 4167 enim
888 4122 938 4182 po-
987 4101 1058 4160 beus
1072 4122 1079 4158 :
1093 4119 1148 4160 non
1164 4104 1244 4177 igitur
1265 4120 1298 4161 ex
1318 4105 1506 4177 praeexistente
1528 4107 1689 4164 substantia.
1710 4107 1787 4180 lage·

134 4210 234 4272 tuttiur
248 4207 322 4266 [leui
334 4205 405 4264 Num
420 4206 555 4278 potentia,
571 4213 618 4263 aut
630 4203 784 4272 existentia,
809 4208 856 4260 aut
870 4201 936 4261 sub·
986 4197 1060 4280 nitus
1075 4214 1139 4271 ergo
1152 4198 1234 4255 beas.
1250 4197 1333 4271 bingis
1351 4201 1423 4256 enim
1446 4211 1556 4276 praestat
1578 4201 1649 4257 beas
1663 4202 1807 4258 substan.

134 4303 250 4372 aurita,
263 4307 310 4370 sut
321 4296 369 4363 iat
384 4298 436 4365 ista
451 4298 522 4356 eninr
538 4297 643 4370 outnia,
656 4297 799 4372 autipsurn
810 4305 853 4356 cst
865 4295 935 4374 quod
986 4290 1067 4361 liam,
1081 4307 1161 4364 qoam
1178 4292 1340 4364 praeexstitit
1358 4293 1507 4352 substantia
1528 4302 1590 4350 ante
1607 4293 1689 4351 Deum
1706 4312 1713 4349 :
1728 4308 1788 4368 quac

135 4399 207 4463 beas
220 4404 277 4466 est,
291 4405 339 4453 aot
350 4403 412 4470 poet
425 4395 524 4467 ipsura.
537 4393 596 4468 lpse
609 4392 680 4450 enirn
698 4398 796 4450 cuncta
814 4397 933 4466 praestat.
986 4375 1094 4457 quidem
1114 4393 1156 4441 est
1173 4383 1341 4458 subjectum,
1361 4395 1389 4442 et
1407 4386 1535 4454 atterius,
1552 4397 1580 4442 ut
1598 4386 1691 4456 aliud,
1716 4399 1743 4443 et
1758 4396 1788 4444 ut

134 4491 188 4550 sed
202 4489 303 4556 [limitat
315 4489 390 4563 prius
407 4488 468 4546 isla.
483 4486 519 4544 Et
538 4486 674 4564 quomodo
688 4493 845 4560 potuerunt,
872 4500 934 4544 eum
948 4484 973 4546 1)
987 4480 1188 4552 receptaculum
1209 4482 1305 4537 eliceto
1322 4500 1328 4537 ι
1344 4481 1392 4537 illo
1407 4482 1509 4538 scilieet
1526 4481 1634 4554 potior,
1655 4482 1733 4554 cujus
1747 4491 1789 4542 est

133 4586 294 4654 aduerunt,
314 4584 399 4643 neam
420 4580 669 4656 generarelNeque
689 4581 761 4640 enirn
783 4589 861 4638 eratn
873 4596 936 4654 per·
986 4579 1208 4652 receptaculum,
1226 4589 1254 4634 et
1272 4578 1374 4634 ideirco
1388 4579 1523 4650 posterius
1544 4577 1652 4634 adnata.
1671 4577 1722 4632 isra
1739 4594 1783 4634 er·

133 4679 222 4748 tecta,
236 4691 324 4750 neque
343 4678 385 4737 sui
401 4675 457 4749 ipsa
471 4675 654 4735 substitutiva.
670 4673 829 4747 imperfecta
843 4674 933 4748 igitur.
985 4675 1047 4732 dem
1068 4685 1175 4748 oportet
1188 4675 1338 4748 intelligere
1363 4689 1396 4731 ex
1420 4675 1563 4730 existentia
1589 4683 1615 4730 et
1628 4673 1786 4730 existentia-

134 4771 277 4844 Quomodo
288 4787 353 4845 erqo
367 4785 415 4830 sua
428 4778 457 4828 et
466 4769 585 4843 ipsorum
597 4770 717 4842 puteruia
730 4775 936 4842 autqenuerunt
986 4771 1073 4828 litate.
1092 4770 1187 4827 billart
1214 4779 1303 4826 autem
1324 4769 1467 4826 existentia
1487 4769 1521 4825 ab
1546 4767 1786 4835 existentialitate,

132 4875 180 4932 aut
191 4865 314 4927 lecerunt
328 4867 423 4934 beura,
439 4863 596 4936 imperfecta
609 4879 672 4922 cunt
698 4871 804 4934 asserat,
832 4864 936 4938 periec-
986 4866 1113 4938 quoniam
1126 4864 1268 4921 existentia
1281 4865 1337 4936 jara
1355 4862 1382 4918 in
1397 4878 1430 4920 eo
1445 4870 1497 4931 est,
1515 4871 1542 4918 ut
1552 4863 1588 4936 sit
1599 4863 1654 4936 jam
1669 4877 1730 4919 esse
1745 4859 1785 4917 oi:

133 4959 211 5022 tunt?
237 4959 267 5022 st
296 4969 385 5026 entem
410 4959 481 5020 betas
498 4959 690 5032 interlector,
712 4957 771 5026 sine
791 4973 872 5017 eausa
894 4967 937 5022 est
986 4968 1015 5016 at
1034 4976 1099 5018 vero
1113 4958 1317 5018 existentialitas
1340 4957 1458 5029 potentia
1481 4965 1540 5025 est,
1568 4965 1596 5011 ut
1620 4955 1705 5028 possit
1727 4969 1787 5010 esse

133 5070 265 5130 tenerare
278 5095 287 5124 ,
301 5053 373 5127 quod
392 5052 450 5126 jam
469 5051 528 5122 init,
547 5052 647 5118 Eadem
669 5052 756 5120 ratio,
774 5052 797 5114 si
816 5049 934 5124 perlecta
986 5051 1059 5125 quod
1085 5051 1203 5109 noudum
1227 5058 1279 5106 est.
1300 5049 1382 5106 ilulto
1404 5051 1490 5122 mnqis
1507 5057 1597 5104 autern
1617 5046 1707 5125 diiiert
1727 5047 1785 5102 oxi-

133 5137 285 5221 periettttut
307 5156 468 5228 genuerunt.
485 5145 645 5220 Siveiqitttr
667 5143 785 5216 perlecta
808 5143 935 5212 luerunt,
985 5146 1084 5203 stantia
1108 5163 1123 5202 a
1151 5145 1301 5214 substantia
1329 5163 1336 5202 ς
1366 5145 1491 5218 quoniam
1519 5141 1661 5199 existentia
1695 5141 1783 5217 ipsum

133 5241 191 5308 ῦὶιθ
212 5239 391 5312 impertaettt
408 5239 490 5298 Dtttltil
510 5252 662 5311 uenerant,
682 5246 729 5296 aut
747 5237 806 5297 sine
833 5251 933 5308 causa,
985 5249 1118 5308 esseest,
1142 5249 1170 5300 et
1194 5223 1287 5302 solutu¹
1305 5248 1361 5308 est;
1387 5247 1415 5296 et
1429 5256 1482 5298 nou
1507 5243 1535 5294 iu
1556 5239 1609 5294 alin
1630 5252 1711 5303 esse,
1740 5240 1789 5291 aut

132 5346 181 5400 ιιιι
193 5352 243 5416 pet
256 5335 442 5410 ttpwssnum.
457 5341 505 5398 asi
525 5332 701 5406 impostoris,
717 5332 809 5399 Primo
825 5331 935 5406 quiden
986 5334 1139 5408 subiectum
1155 5347 1216 5394 esse
1235 5333 1366 5402 alterius,
1386 5332 1435 5389 sed
1456 5331 1544 5406 ipsum
1560 5346 1642 5385 ttnurtt
1658 5337 1686 5386 et
1699 5329 1787 5385 solum

132 5432 272 5507 antiquius
285 5431 395 5506 dieitur,
409 5429 444 5492 ab
455 5429 530 5494 nnttti
539 5428 611 5510 quod
624 5435 668 5492 ιιι
682 5428 801 5500 potentin
816 5446 822 5486 τ
837 5428 886 5494 sed
900 5427 934 5489 td
987 5443 1048 5492 esse
1060 5446 1068 5488 a
1088 5429 1239 5488 substantia
1255 5445 1320 5489 vero
1334 5443 1388 5487 aton
1406 5427 1492 5484 solatur
1509 5425 1592 5482 habet
1608 5439 1668 5480 esse
1680 5466 1687 5492 ,
1700 5422 1747 5479 sed
1761 5430 1788 5479 ει

132 5523 294 5597 ipsumesse
306 5521 419 5594 aliquid,
434 5520 493 5583 sine
505 5527 566 5583 antu
582 5528 610 5580 et
622 5520 788 5592 operatione,
804 5534 857 5588 uon
873 5535 935 5592 per·
986 5523 1086 5595 quale,
1102 5530 1131 5580 et
1150 5522 1251 5596 aliquid
1277 5538 1339 5583 esse
1352 5539 1359 5577 ι
1372 5521 1495 5594 strbjacet
1512 5520 1583 5578 enim
1605 5518 1632 5574 in
1647 5533 1677 5574 se
1693 5517 1789 5592 positis

135 5616 211 5674 veuit
233 5615 352 5688 potentia
380 5615 437 5687 ipsa
461 5631 509 5687 per
533 5615 724 5685 semetipsam,
747 5629 807 5670 curn
830 5615 865 5672 sit
886 5630 935 5688 po·
987 5613 1179 5686 qualitatibus;
1193 5625 1219 5673 et
1235 5615 1334 5674 idcirco
1352 5611 1451 5671 dicitur
1467 5612 1627 5684 subjeetum.
1648 5607 1789 5682 Quomodo

136 5709 232 5782 tentia,
248 5723 303 5769 nott
316 5708 404 5778 aotio;
419 5722 473 5768 oon
484 5706 666 5782 potentificata
677 5707 798 5784 potentia
811 5707 839 5766 in
851 5719 934 5790 gene·
986 5707 1068 5781 igitur
1096 5710 1186 5781 betta,
1206 5709 1399 5785 praesistente
1416 5706 1580 5776 existentia,
1604 5714 1652 5763 aut
1670 5701 1803 5773 existen·⁴
