3975 6292
132 235 190 294 cll
513 251 756 319 Pitn’licltttctls
766 262 961 327 bnxtblncto
977 271 1020 329 ET
1034 274 1275 344 CONSThNTlNO
1289 285 1422 350 biC'iUS.

131 352 194 410 istis
210 355 318 427 quidem
334 363 474 433 partibus,
489 360 542 426 nou
558 378 644 432 caruit
659 380 772 450 pristina
787 384 936 447 hrniiiate:
951 401 976 461 ii
989 355 1043 451 nou
1068 399 1152 455 utitur
1170 400 1235 469 iiia,

131 436 171 502 tbi
185 462 250 506 iero
271 466 340 523 pene
354 457 475 517 funditus
489 469 608 537 corruit,
622 473 692 530 unde
708 484 746 544 tu,
762 467 932 554 blaximiane',
986 496 1097 571 tumque
1110 496 1271 568 ,reipublicae
1286 517 1354 561 onus
1365 508 1477 579 suscipit
1489 520 1549 580 post
1568 515 1696 585 quietem.
1711 520 1790 580 Faet-

128 538 310 603 discesseras.
319 548 396 609 Adeo
407 554 463 612 illic
474 559 621 629 plurimum
636 567 767 629 habuerat
779 578 933 639 stabilitatis
985 583 1037 641 lius
1058 585 1148 645 iuerat
1161 589 1263 665 iugiter
1285 596 1435 669 imperasse
1450 620 1458 657 :
1473 607 1596 676 quamtis
1619 613 1691 669 enim
1712 630 1788 689 mag·

127 645 247 706 asserta,
274 640 320 698 ubi
334 644 441 703 deserta
467 654 589 713 maxime
615 661 770 736 vacillavit,
784 682 837 725 nou
853 670 933 731 aliter
985 693 1050 736 num
1076 682 1197 743 laborem
1225 693 1392 751 consuetudo
1419 710 1474 756 non
1501 702 1602 773 sentit,
1632 705 1788 771 intermissa

128 726 203 784 enim
215 745 298 801 quam
319 736 389 793 solet
410 747 481 799 terra
500 747 609 825 ventis,
624 759 672 808 aut
684 754 761 827 aquis
774 758 868 817 subter
879 763 932 819 im·
984 772 1139 835 desiderant
1153 795 1237 840 notas
1249 784 1329 843 uires.

127 819 222 879 missis
240 823 388 887 iiitcriulsa
412 835 455 892 sui
477 838 615 900 soliditate
637 856 750 920 nutare,
775 852 812 909 ita
834 866 931 913 cuncta
1020 868 1077 926 llll.
1092 870 1197 941 Quanta
1211 890 1278 949 opus
1293 878 1341 937 luit
1362 882 1421 951 tibi,
1436 884 1583 959 imperator
1595 900 1707 968 aeterne,
1722 913 1787 971 pro-

126 909 215 985 ltalia,
231 926 313 991 atque
331 924 388 996 ipsa
407 926 494 987 Roma
514 934 647 995 subducta
661 952 773 1012 repente
791 961 844 1018 qua
868 964 931 1009 sus·
982 960 1117 1034 videntia,
1141 977 1240 1038 quanta
1254 974 1435 1045 auctoritate,
1450 991 1479 1035 ut
1494 984 1612 1042 subsidia
1631 990 1786 1063 reipublicae

127 1014 232 1065 tentata
251 1011 340 1073 iuerat
353 1018 465 1079 dextera
480 1033 535 1096 tua,
557 1034 721 1090 contremuit
740 1052 773 1093 ac
787 1055 856 1111 pene
869 1057 931 1100 con·
979 1049 1097 1122 iacentia
1111 1057 1246 1131 erigeres,
1266 1066 1418 1126 exatiimata
1439 1087 1588 1148 recreares,
1612 1082 1715 1157 dilapsa
1730 1089 1787 1146 col·

123 1102 208 1157 sedit.
223 1104 301 1174 Quod
311 1123 363 1182 ego
376 1117 475 1173 cursim
490 1128 617 1179 transeo:
633 1142 681 1183 cur
693 1130 764 1186 euim
779 1133 821 1189 vei
837 1150 929 1193 recor·
981 1144 1098 1215 ligeresi
1113 1151 1278 1211 mirabamur
1292 1166 1319 1215 te
1333 1171 1392 1231 post
1407 1162 1549 1237 imperium
1562 1188 1624 1230 esse
1637 1178 1782 1247 privatum.

124 1192 226 1253 demur
235 1199 367 1274 aduersa,
381 1222 442 1266 cuni
457 1213 596 1274 uideamus
610 1219 699 1277 omnia
714 1232 760 1279 tuo
773 1227 861 1283 reditu
887 1246 931 1287 re·
981 1237 1065 1297 linito
1078 1245 1163 1317 magis
1178 1248 1275 1306 mirum
1296 1264 1338 1310 cst
1360 1256 1502 1327 imperium
1518 1263 1589 1323 serre
1613 1278 1673 1340 post
1685 1274 1782 1333 otium.

123 1294 221 1348 stituta
233 1294 247 1349 ‘i
259 1295 324 1354 iecit
338 1302 410 1359 enim
426 1304 510 1364 Roma
526 1310 582 1381 ipsa
596 1328 646 1384 pro
660 1317 929 1388 majestatenoniiuis
979 1330 1060 1391 Solus
1079 1336 1140 1409 hoc,
1163 1351 1192 1396 ut
1204 1342 1315 1417 dicitur,
1338 1351 1426 1420 poluit
1443 1355 1510 1413 deus
1531 1359 1596 1429 ille,
1623 1364 1700 1437 cujus
1719 1380 1783 1428 sunl

122 1392 178 1459 sui,
195 1402 225 1449 ut
237 1398 403 1470 ostenderet,
419 1418 498 1473 posse
511 1421 542 1462 se
554 1409 635 1465 etiarn
649 1408 860 1484 imperatoribus
875 1421 926 1477 im·
979 1428 1050 1498 quod
1062 1431 1186 1504 vivimus,
1202 1445 1230 1493 et
1245 1438 1377 1509 ridemus,
1395 1456 1424 1501 ut
1438 1446 1556 1509 habenas
1570 1456 1639 1513 maie
1654 1460 1783 1530 creditas,

121 1498 233 1555 parare.
255 1490 373 1551 hbdurit
394 1499 530 1556 exercitus
544 1517 623 1570 suos,
648 1520 680 1561 ac
695 1504 741 1564 tibi
758 1510 883 1582 reddidit,
900 1524 928 1571 et
978 1530 1007 1576 et
1026 1537 1134 1581 cursum
1150 1528 1230 1586 deuio
1244 1542 1354 1592 vectore
1368 1539 1481 1599 turbatae
1495 1548 1698 1619 tranquillitatis
1712 1556 1783 1612 reci-

121 1592 188 1635 cum
202 1581 237 1637 ad
255 1586 389 1645 sedandos
410 1591 516 1648 animos
535 1597 725 1656 auctoritatem
741 1606 836 1674 privati
850 1609 926 1681 prin·
978 1628 1066 1686 peret,
1082 1635 1241 1698 rursumque
1254 1628 1394 1703 dirigeret.
1410 1636 1491 1709 Cujus
1505 1642 1594 1700 simile
1610 1653 1649 1712 tu,
1664 1648 1782 1721 impera-

121 1666 193 1749 cipis
215 1681 363 1754 attulisses,
387 1688 523 1762 supplices
547 1692 595 1748 tibi
619 1710 714 1754 manus
734 1699 858 1770 tendens,
883 1705 927 1761 nei
979 1718 1032 1781 tor,
1046 1714 1126 1772 etiam
1141 1717 1221 1778 iacile
1235 1722 1332 1781 iecisti.
1354 1726 1446 1801 Neque
1466 1732 1616 1808 idmirum,
1632 1745 1780 1803 cumcuim

121 1764 216 1839 potius
228 1776 408 1846 queribunda,
422 1780 559 1839 clamavit.
944 1797 996 1860 Ba
1010 1811 1036 1860 te
1047 1810 1161 1865 recessit
1173 1810 1329 1887 imperium,
1344 1829 1372 1877 et
1392 1823 1515 1894 privatus
1534 1827 1597 1888 iicet
1610 1832 1663 1890 dici
1683 1837 1780 1909 telles,

159 1862 207 1920 Xi.
222 1865 368 1941 Quousque
387 1871 449 1939 hoc,
465 1874 635 1948 liarimiane,
658 1882 755 1954 patiar,
776 1902 820 1943 nic
840 1891 926 1961 quati,
978 1894 1087 1957 inhaesit
1102 1902 1148 1959 tibi
1164 1904 1281 1978 ingenita
1297 1912 1434 1983 majestas.
1458 1917 1558 1979 Omnes
1571 1928 1706 1986 exercitus
1720 1944 1782 1988 res-

121 1964 151 2012 te
165 1958 315 2029 quiescere.
333 1962 399 2019 mihi
414 1964 567 2024 libertatem
581 1970 674 2042 adimi,
692 1984 718 2030 te
734 1991 864 2049 usurpare
878 1981 926 2039 libi
979 1991 1025 2060 tri,
1049 2007 1200 2070 omnesque
1222 2004 1369 2072 provincia
1391 2014 1562 2081 requiescere
1582 2027 1609 2075 tc
1631 2032 1693 2092 post
1707 2034 1780 2084 tauta

120 2046 245 2105 illicitam
265 2052 447 2111 missionem?
470 2059 511 2113 hii
531 2061 605 2138 quod
629 2063 695 2120 bito
718 2066 841 2140 hugusto
865 2083 927 2144 post
978 2100 1060 2156 opera
1088 2097 1234 2166 utcumque
1258 2112 1338 2169 aequo
1363 2103 1456 2161 animi·
1482 2108 1616 2181 tulerunt,
1645 2116 1781 2188 imperare

119 2144 292 2215 &libaninis
313 2148 417 2215 mliii,
439 2151 632 2227 bsslsshlfflsslffli
648 2158 754 2229 hiberii
773 2177 827 2218 ¹¹⁰n
850 2164 926 2224 liciti!
978 2178 1092 2239 desiisse
1106 2200 1241 2258 nunquam
1256 2191 1439 2253 crediderunt.
1455 2199 1525 2267 Quid
1539 2204 1612 2263 enlm
1623 2200 1704 2279 'putas
1720 2214 1780 2283 tibi,

118 2252 219 2308 annos,
232 2250 286 2298 tam
300 2243 354 2300 cito
375 2245 467 2305 licuit?
480 2249 580 2309 ideone
598 2260 626 2310 te
641 2256 707 2312 mihi
723 2256 779 2326 ilie,
794 2262 872 2333 cuius
887 2271 927 2321 tot
977 2270 1153 2345 ltaximiane,
1178 2277 1273 2338 lovem
1292 2283 1380 2354 ipsum
1405 2294 1580 2362 respondisse
1600 2312 1661 2356 cum
1683 2309 1713 2359 tu
1738 2305 1779 2361 in-

119 2344 194 2399 aras,
210 2342 249 2390 tot
263 2337 372 2408 templa,
387 2347 427 2397 tot
441 2344 549 2400 nomina
564 2346 644 2417 coelo,
657 2348 786 2410 ilercuies
799 2354 883 2426 dedit,
897 2366 927 2415 ut
977 2365 1050 2433 genti
1065 2368 1155 2425 animo
1168 2368 1292 2429 diceres:
1309 2374 1425 2450 Recipe,
1436 2379 1553 2455 iupiter,
1568 2391 1640 2460 quod
1654 2407 1778 2452 comnio-

119 2430 151 2480 tu
164 2426 191 2480 in
202 2427 356 2487 suburbano
368 2432 472 2492 otiosus
483 2436 582 2495 sedens
592 2456 670 2498 usum
682 2442 779 2501 dicate
792 2448 859 2506 mihi
872 2450 926 2507 uir·
976 2454 1059 2514 dasti.
1069 2458 1126 2518 iioc
1138 2462 1261 2534 proiecto
1274 2470 1424 2541 respondit,
1440 2488 1631 2539 noumntuum
1644 2484 1716 2542 istud
1730 2487 1778 2546 tibi

118 2522 186 2579 tutis
200 2524 360 2583 amitteres?
374 2528 467 2588 Redde
481 2542 508 2591 te
522 2533 712 2605 gubernaculis
727 2542 805 2611 meis,
819 2555 847 2601 et
858 2560 926 2617 quo·
977 2552 1085 2622 tradidi,
1097 2554 1145 2613 sed
1158 2565 1289 2617 aternum
1302 2561 1378 2620 :Non
1392 2568 1505 2640 recipio,
1521 2573 1569 2630 sed
1582 2590 1671 2635 serto.
1681 2579 1777 2639 Statim

117 2612 195 2671 niam
219 2620 366 2690 tranquillo
394 2625 461 2680 mari
489 2634 595 2698 portum
623 2629 725 2691 intrare
751 2639 924 2708 properasti,
976 2642 1058 2717 igitur
1079 2655 1109 2701 ut
1132 2650 1344 2722 precipitantem
1366 2661 1558 2731 rempublicam
1573 2668 1726 2740 refrenasti,
1750 2682 1779 2732 et

116 2700 189 2766 rade
203 2724 252 2782 pcr
271 2710 378 2781 huetius,
401 2716 455 2773 mei
476 2718 584 2790 quidem
605 2737 698 2781 amoro
718 2728 860 2799 sollicitus,
876 2732 925 2791 scd
975 2735 1156 2806 gubernacula
1169 2739 1301 2803 liuitautia
1315 2748 1457 2820 recepisti;
1470 2756 1594 2814 omnibus
1608 2774 1670 2831 spes
1685 2763 1780 2823 salutis

1737 313 1791 371 tlt

1260 421 1340 477 quain
1359 409 1548 485 degustaverat
1562 420 1715 496 uoluptate,
1732 438 1790 487 tan-

117 2812 165 2860 tua
185 2805 326 2878 maiestate
339 2825 460 2869 securus.
477 2812 511 2869 Ει
532 2827 633 2886 nmen,
651 2829 737 2891 perte
752 2824 799 2880 tibi
816 2828 925 2885 steterit
975 2828 1072 2886 illuxit.
1086 2824 1207 2893 ¹Posuerc
1225 2840 1314 2908 uenti,
1330 2839 1423 2915 iugera
1443 2846 1544 2916 nubes,
1559 2850 1659 2910 lluctus
1676 2857 1779 2915 teside-

116 2886 248 2971 injuriam
263 2902 291 2959 in
313 2905 366 2962 mei
387 2903 558 2966 restitutione
573 2913 695 2983 patieris.
710 2916 851 2989 imperasti
865 2923 924 2994 pri·
976 2934 1049 2981 runt.
1070 2926 1159 2985 Etiam
1181 2930 1268 2988 sicubi
1282 2933 1371 2993 adhuc
1391 2938 1418 2992 in
1439 2938 1675 3013 longinquioribus
1699 2952 1779 3009 terris

116 2988 181 3047 dem
202 3005 338 3066 rogatusa
353 2996 446 3068 iratre,
462 3014 557 3057 rursus
571 3003 673 3076 impera
685 3007 777 3078 jussus
790 3025 806 3066 a
825 3022 922 3072 matre.
974 3019 1064 3091 aliqua
1084 3022 1243 3082 obuersatur
1256 3027 1423 3099 obscuritas,
1438 3045 1484 3090 aut
1504 3035 1631 3096 residuus
1645 3042 1777 3101 undarum

115 3078 312 3156 0coelestcm,
329 3088 476 3160 imperator
489 3101 607 3165 aeterne,
621 3098 749 3169 pictatem
764 3110 847 3173 tuam,
861 3122 923 3176 quaa
975 3110 1069 3180 pulsus
1090 3114 1287 3185 immurmurat,
1313 3134 1424 3181 necesse
1447 3136 1489 3181 est
1513 3138 1602 3187 tamen
1629 3143 1693 3191 autc
1717 3146 1778 3195 titos

116 3182 194 3235 tuum
208 3180 283 3236 illum
296 3182 416 3240 animum
431 3200 540 3258 semper
554 3189 683 3247 itirictum
697 3195 754 3250 sola
770 3198 842 3255 vicit.
858 3198 917 3258 Non
931 3208 955 3271 c
971 3215 1062 3273 oritus,
1076 3207 1234 3279 dilucescat,
1249 3210 1375 3270 ctsilcat.

114 3273 230 3345 potuisti
253 3276 379 3334 resistere
401 3287 503 3337 sanctae
526 3282 599 3339 iilius
621 3288 739 3356 parentis
753 3290 874 3363 imperio,
892 3304 920 3353 et
1008 3297 1076 3356 llllt.
1095 3299 1156 3358 biri
1171 3320 1220 3375 pro
1236 3304 1340 3362 ratione
1355 3311 1494 3382 temporis,
1510 3317 1686 3377 sacratissimi
1700 3322 1779 3381 Prin·

115 3367 220 3423 invitus
235 3367 297 3426 iicet
310 3372 442 3441 paruisti,
457 3381 485 3429 et
499 3382 525 3430 tc
539 3373 593 3431 illis
607 3376 703 3450 uigiliis
718 3380 823 3454 illisque
837 3388 920 3455 curis,
975 3390 1060 3462 cipes,
1075 3408 1106 3448 ea
1125 3410 1185 3466 qum
1202 3396 1227 3452 in
1240 3398 1315 3455 vobis
1330 3400 1457 3475 invicem,
1473 3415 1503 3463 ut
1522 3406 1620 3482 tacitis,

1635 3414 1776 3485 admirari,

114 3474 186 3529 quas
210 3459 305 3533 uiginti
322 3462 401 3519 annis
424 3476 553 3536 expertus
578 3467 668 3526 iueras
682 3473 832 3533 reddidisti.
855 3477 921 3548 Qui·
974 3492 1003 3540 et
1022 3500 1115 3543 amare
1126 3485 1244 3545 debetis.
1257 3488 1353 3549 Restat
1368 3502 1398 3551 ut
1411 3496 1468 3570 ipsa
1483 3498 1541 3572 ilia,

1575 3521 1616 3562 um
1630 3521 1660 3563 se
1696 3509 1778 3568 ratim

114 3553 250 3626 busnam,
273 3563 302 3612 tu
316 3558 424 3615 domina
437 3562 568 3632 gentium,
591 3572 668 3635 potes
682 3582 859 3639 compensare
873 3572 921 3631 be·
973 3575 1009 3634 de
1028 3578 1172 3638 uirtutibus
1193 3588 1292 3641 uestris
1315 3585 1420 3647 locutus
1441 3606 1512 3662 sum,
1528 3520 1609 3655 siqcut
1630 3522 1694 3659 iiiiii:
1712 3613 1777 3663 notc

114 3648 224 3705 neliciis
246 3650 298 3708 hoc
321 3654 359 3709 tui
383 3652 553 3724 imperatoris
577 3658 755 3731 obsequium?
777 3666 823 3737 qui
844 3674 920 3725 tauto
972 3674 1100 3744 congruit
1113 3674 1283 3733 iuscrmonis
1298 3678 1352 3736 line
1366 3684 1537 3758 conjungam.
1553 3692 1593 3748 bii
1609 3692 1777 3757 immortales

115 3756 168 3798 usu
182 3742 284 3816 micus
301 3752 419 3817 quantus
441 3746 478 3805 sit
497 3748 648 3821 imperandi
670 3754 756 3828 labor,
771 3768 920 3831 propterte
972 3776 1073 3837 quanta
1088 3781 1201 3825 romano
1215 3770 1330 3843 imperio
1343 3779 1505 3851 tenuitatis,
1518 3798 1579 3855 quae
1595 3786 1663 3859 jam,
1687 3800 1717 3849 tit
1730 3806 1775 3849 res

699 3907 708 3919 ·
741 3889 922 3954 tsstottbtt
943 3895 1062 3958 NOTAE.

151 3999 190 4056 x.
202 3996 236 4055 in
247 3998 305 4059 ittit
346 4000 476 4071 tritanii
487 4013 538 4068 cst,
548 4005 689 4076 inGaiiiis,
698 4007 811 4067 ubihaee
824 4014 912 4070 oratio
963 4019 1130 4093 minnarpoit
1144 4021 1198 4077 bisc
1207 4022 1235 4078 in
1247 4024 1369 4109 concione
1380 4031 1504 4089 exercitat
1517 4035 1599 4104 filiunt
1608 4037 1775 4123 'discentium

113 4071 268 4129 dicebatur.
317 4089 351 4130 ox
371 4074 408 4130 ibi
425 4090 501 4143 nero,
519 4075 546 4132 id
565 4088 626 4145 cst,
651 4080 679 4136 in
700 4078 792 4150 italia,
812 4082 839 4141 in
858 4101 911 4159 qua
964 4090 1097 4148 denudare
1113 4102 1231 4163 conultm,
1248 4096 1398 4155 seditionem
1412 4112 1437 4157 et
1454 4108 1565 4193 corintio
1578 4110 1688 4197 rnilitum
1701 4119 1770 4175 tulit.

114 4144 274 4201 hierontius
286 4144 369 4202 miras
381 4146 475 4202 turbas
487 4148 626 4206 excitauit.
1002 4161 1118 4236 linguiri
1138 4180 1155 4219 n
1177 4168 1267 4250 hatra
1289 4166 1319 4224 id
1341 4179 1394 4238 est,
1414 4189 1430 4230 a
1447 4174 1625 4251 Diocletiano,
1644 4202 1772 4256 possein

152 4214 355 4287 inspectoribus
378 4218 513 4288 iinpercrc.
540 4220 647 4288 idest,
672 4220 845 4297 Maximiano,
869 4228 914 4286 cui
964 4244 1057 4301 inette,
1073 4236 1099 4293 id
1114 4244 1156 4293 est
1170 4250 1184 4290 a
1199 4246 1297 4309 patria.
1746 4272 1762 4292 r

113 4286 203 4342 Roma
218 4302 267 4356 pro
279 4302 329 4354 spo
342 4289 402 4360 jure
419 4292 556 4363 precipit,
573 4304 601 4349 ut
623 4294 775 4377 depositum
794 4309 915 4385 resumat
1002 4304 1203 4393 Fuciiiitniioc
1215 4318 1268 4395 est,
1286 4312 1392 4383 {stibna
1404 4316 1495 4390 inhiet
1510 4322 1566 4379 tine
1576 4325 1632 4381 nilo
1643 4326 1772 4391 intermis-

113 4358 272 4428 imperium.
297 4359 399 4417 Eadem
427 4364 562 4421 exercitus
592 4365 753 4423 blaximtano
781 4370 912 4438 abduxit,
966 4378 1319 4454 tioneimperrnniteninrie.

113 4445 179 4485 cnm
193 4430 312 4501 privatus
325 4431 353 4487 in
367 4432 513 4489 hircaniam
529 4437 680 4504 concessit,
697 4438 842 4524 eidemque
855 4443 915 4500 ted·
1002 4447 1164 4534 Intermissa.
1182 4453 1238 4536 iloc
1250 4464 1302 4523 est,
1314 4457 1337 4513 ti
1348 4466 1433 4517 tannen
1449 4472 1487 4519 est
1500 4466 1587 4539 ulique
1601 4469 1767 4549 intermissio,

113 4501 199 4569 didit,
214 4517 275 4558 cum
295 4503 426 4560 adversus
440 4504 602 4565 hinnientium
615 4525 676 4566 cum
692 4525 777 4582 copiis
791 4529 916 4588 progres-
967 4536 1040 4577 ,mim
1051 4538 1117 4579 iim
1130 4525 1283 4582 πωπω
1296 4538 1364 4583 gum,

113 4587 164 4629 sus
177 4581 230 4630 est.
1004 4592 1140 4651 xttbens
1149 4598 1202 4653 ille.
1210 4597 1363 4655 biarimiani
1373 4612 1400 4659 ct
1408 4604 1539 4676 Apollinis
1547 4617 1714 4685 comparatio
1721 4621 1771 4678 ad-

151 4644 327 4706 nundinum
336 4651 446 4707 ciiiinot.
463 4650 691 4709 Praetorianorum
705 4669 766 4712 cuni
779 4656 916 4717 Maxentio
927 4650 955 4713 b
968 4665 1077 4721 modum
1093 4666 1244 4739 ingeniosa.
1255 4670 1281 4726 ls
1298 4671 1371 4727 enim
1384 4676 1504 4747 relictas,
1518 4690 1545 4738 et
1556 4683 1636 4742 detio
1652 4693 1765 4762 vectori,

114 4718 319 4777 rebellantium.
967 4751 1064 4807 nempe
1073 4739 1224 4807 Phaetonti,
1234 4743 1303 4797 niale
1313 4744 1430 4804 creditas
1448 4750 1567 4810 habenas
1586 4772 1696 4819 necesse
1719 4765 1768 4821 ba-

152 4788 289 4861 Suppiicei
309 4793 356 4848 tihi
369 4810 461 4849 niunitt
475 4793 589 4851 terdeni.
609 4793 680 4852 Nota
691 4796 858 4869 ingeniosam
870 4817 915 4857 ur·
965 4806 1304 4884 buitrursumdirigerc,ut
1314 4822 1628 4885 pacemturbatomiindo
1639 4832 1762 4893 reierrct.

112 4859 158 4919 bis
175 4861 268 4918 homae
288 4868 502 4937 prosopopoeiam
515 4908 523 4932 ,
538 4866 580 4951 ad¹
594 4869 770 4955 avertendam
792 4886 807 4926 a
828 4872 915 4957 hiati—
968 4948 975 4962 .
1004 4877 1066 4964 lion
1080 4883 1185 4953 recipio.
1206 4884 1237 4968 ln
1247 4898 1428 5009 perpetuum,
1444 4895 1490 4951 ted
1508 4914 1589 4971 smne,
1606 4903 1640 4959 ad
1657 4915 1764 4981 tempus

112 4933 224 4999 miano,
247 4934 270 4989 si
290 4948 413 5007 quaerat
433 4940 460 4994 io
481 4947 636 5009 receptione
654 4955 776 5015 imperii,
792 4942 834 4999 rei
848 4959 915 5001 iant·
966 4948 1032 5006 illud
1044 4966 1131 5021 ipsum
1147 4954 1221 5039 brevi
1235 4966 1254 5009 ιι
1275 4972 1283 5011 ι
1299 4957 1429 5019 redditus.
1734 5014 1738 5021 .

111 5005 200 5069 diam
215 5005 259 5061 iel
272 5014 363 5063 notam
378 5010 495 5067 levitatis
507 5010 686 5081 aptissimam.
1003 5019 1125 5079 Pontem.
1139 5022 1246 5083 AEncid.
1261 5041 1310 5094 vit,
1324 5027 1382 5086 tt:

154 5075 203 5131 i'ei
216 5079 311 5148 potins.
330 5080 400 5135 buas
421 5080 469 5138 iias
481 5083 590 5139 voculas
604 5082 741 5168 hcidnaiius
756 5095 832 5170 putat
851 5103 913 5173 esse
1070 5101 1209 5157 &micuit
1232 5118 1350 5173 posuere,
1361 5114 1615 5185 omnisquegiepenm

111 5150 317 5221 expungendas.
329 5149 430 5231 Verum
451 5164 540 5210 tamen
560 5162 695 5220 extantia
710 5159 836 5216 omnibus
852 5162 913 5217 edi·
1026 5162 1130 5217 Resedtt
1140 5167 1217 5220 flatus

99 5219 245 5277 iionbui.
1000 5232 1035 5291 in
1049 5236 1268 5310 haginquiorihni
1285 5244 1369 5303 terris.
1384 5246 1487 5308 iudicat
1504 5252 1531 5309 in
1549 5253 1625 5313 ltalia
1639 5259 1758 5320 turbasa

148 5290 750 5367 ¹1.bisseptinobtiicnimanuoiuaiis
761 5301 795 5359 ili
806 5302 913 5375 imperii
965 5304 1105 5364 liaxentio
1118 5312 1261 5369 excitatas.

110 5378 181 5422 tero
193 5380 266 5421 auno
278 5365 325 5422 56.
339 5366 447 5425 Sueten.
1001 5378 1105 5451 Aliqua.
1122 5382 1148 5437 iil
1161 5393 1218 5452 est,
1231 5386 1311 5457 aliqui
1321 5399 1380 5447 iniit
1395 5393 1534 5463 lnninitnt,
1554 5408 1578 5453 et
1590 5400 1705 5473 reliquie
1716 5421 1764 5462 ett-

149 5434 186 5493 tn
204 5436 314 5494 tichico
332 5450 388 5508 est,
404 5452 434 5496 itt
454 5441 687 5501 mihitttitrnhcrcs
696 5444 823 5518 oirtnoent,
836 5462 913 5519 qnam
965 5450 1050 5507 cilntci
1064 5456 1218 5525 tenipettntis
1230 5461 1350 5528 incinunt.

110 5506 177 5562 ittihi
190 5524 367 5565 consecrarat.
1002 5524 1068 5578 Ante
1080 5533 1137 5579 litos
1147 5537 1234 5582 nutus.
1247 5529 1317 5602 Lege
1329 5534 1364 5589 nd
1377 5546 1455 5619 rantur
1469 5547 1536 5595 teat.
1564 5613 1570 5627 .
1602 5615 1609 5629 υ

149 5577 202 5634 Per
213 5589 236 5635 te
249 5581 295 5635 tibi
307 5584 412 5639 steterit.
428 5582 516 5641 Locus
530 5597 683 5657 corruptus.
697 5589 836 5656 Fortasse,
847 5592 913 5647 tanti
1001 5591 1069 5651 Xili.
1081 5595 1242 5655 henouaitit.
1255 5601 1418 5662 Paulocurm
1429 5618 1492 5667 ante
1502 5611 1678 5695 blaximranus
1689 5619 1760 5704 hug.

110 5650 253 5723 imperator
271 5652 315 5707 iiiii
335 5658 454 5711 steterit:
469 5672 565 5729 nempe
582 5661 649 5730 reip.
666 5676 759 5731 pacem
780 5662 911 5732 reddere,
964 5674 1024 5721 erat
1041 5664 1191 5725 Constantii
1212 5670 1282 5745 hug·
1299 5689 1387 5743 socer,
1404 5694 1474 5761 nnita
1495 5682 1609 5754 idipsum
1623 5690 1691 5744 aila
1710 5692 1762 5747 diis

112 5731 143 5777 ut
155 5723 312 5854 bacgloria
329 5727 484 5785 redimenda
502 5730 536 5783 sit
551 5730 599 5785 tibi
613 5730 702 5804 aliqua
716 5732 824 5804 injuria.
840 5734 912 5789 Tati·
963 5735 1162 5798 immortalibus
1170 5758 1231 5799 esse
1242 5757 1407 5804 renovatum.
1419 5750 1556 5823 Siquidem
1566 5773 1673 5818 rursum
1681 5762 1764 5820 idaai-

110 5795 151 5868 git
169 5795 220 5853 iliu
252 5795 324 5869 quod
338 5796 419 5856 deco
438 5798 519 5855 habet
536 5800 649 5875 Eutrop.
671 5802 810 5864 becilini
824 5805 911 5864 linci-
964 5810 1225 5884 mianusiinperatur
1239 5816 1570 5902 estConstantinisocers,

315 5893 455 5958 Pinnot.
471 5893 556 5959 vill.
1406 5998 1413 6003 .
1456 5916 1509 6001 *hb
