3975 6292
228 218 278 281 nst
981 220 1122 281 uulthem
1827 222 1873 293 dal

263 339 310 395 xl.
330 337 397 396 inde
411 338 564 413 estigjtur,
580 338 745 413 Imperator,
759 354 810 413 par
826 340 876 397 ista
894 356 947 413 qua
961 340 1028 396 irui·
1044 342 1248 415 Alntpcratnr,
1272 343 1370 401 lrntnnr
1393 360 1453 405 csse
1474 347 1574 405 uirtute
1594 363 1642 405 sna
1656 356 1738 421 atque
1758 350 1873 425 lurtum,

227 450 299 491 ntttr.
307 433 478 508 Nequeenim
486 434 634 507 Rhenijam
644 434 804 506 gurgitibus,
812 434 860 490 scd
869 434 986 490 nominis
996 435 1036 490 tui
1091 436 1143 493 hnc
1157 447 1216 508 εει,
1233 455 1285 495 non
1302 448 1395 511 pacem
1409 458 1499 499 eruere
1518 444 1653 515 parcendo
1665 483 1672 511 ‚
1686 444 1735 503 sed
1749 446 1873 503 uictoriam

204 565 207 571 ,
227 540 334 585 terrore
344 528 492 583 munimur.
505 526 659 595 Quamlibet
669 527 716 583 ille
728 533 1039 594 attrarescataostnaut
1089 544 1214 601 quaerere
1229 533 1411 603 provocando.

227 620 1036 694 resistatgeln,netttrohostisaudchitmiradoli'ihiienint
1126 623 1193 679 lllll.
1210 624 1323 696 insuper
1343 628 1424 683 etiam
1448 627 1635 701 Agrippinensi
1660 638 1742 703 ponte
1763 630 1874 691 iaciuttdo

227 725 284 771 tam
299 713 473 786 insuperabili
490 714 558 770 tatto
572 713 828 785 naturaprectnsn,
840 714 911 786 quod
923 729 977 769 non
989 728 1037 785 pe·
1089 716 1211 789 reliquus
1231 718 1336 775 attieno
1351 722 1439 792 gentis
1456 722 1589 791 tirannus,
1607 740 1642 781 rae
1662 740 1778 797 nunquan
1798 736 1875 785 netur

227 819 319 867 netret
332 809 461 878 audacia,
476 809 520 865 cui
534 808 623 880 aliqua
639 807 757 865 conandi
776 823 839 881 spes
855 808 1033 881 relinquatur.
1089 819 1191 881 ponat,
1216 827 1324 884 semper
1352 813 1479 881 horreat,
1504 830 1613 887 seraper
1636 819 1772 889 supplices
1793 834 1876 876 manus

226 901 277 960 itte
285 912 326 957 εει
336 900 551 974 inexpugnabilis
561 916 665 969 murus,
677 915 759 973 quent
766 899 943 957 extruitiama
950 902 1034 957 virtu·
1089 903 1200 971 tendat,
1216 920 1276 961 cunr
1294 914 1382 963 tamen
1398 907 1448 964 hoe
1468 915 1494 963 lu
1508 910 1594 981 magis
1607 908 1640 965 ad
1652 912 1766 982 gloriam
1784 912 1875 983 imperii

227 994 274 1053 tis.
290 995 386 1053 Sciunt
396 1009 476 1065 posse
489 1008 520 1051 se
529 992 626 1049 Pratrci
640 993 758 1051 transire
771 992 908 1063 Rhenum,
917 1010 986 1065 quos
1000 992 1033 1049 ad

228 1104 325 1146 necem
348 1104 424 1145 suant
448 1088 564 1145 libenter
586 1087 729 1155 adntittas;
752 1088 799 1143 sed
820 1103 870 1144 nec
893 1088 1033 1144 uictoriam

228 1191 344 1255 possunt
361 1196 493 1252 sperare,
509 1196 560 1238 nec
573 1182 690 1239 vertiam.
704 1180 773 1251 Quid
790 1181 863 1252 ipsos
881 1191 988 1237 maereat
1000 1197 1033 1238 ex

228 1290 323 1347 regum
345 1261 455 1331 suorum
471 1275 636 1333 cruciatibus
653 1276 822 1343 ntetiuntur,
842 1275 957 1347 ideoque
976 1284 1034 1331 tan·

230 1378 288 1423 tum
298 1369 385 1438 abest,
398 1378 427 1424 ut
441 1368 530 1425 amnis
541 1368 616 1424 iliius
627 1369 769 1425 transitum
781 1367 937 1435 rnoliantur,
948 1369 1033 1441 magis

229 1471 260 1518 ut
272 1473 411 1534 comperta
431 1472 565 1534 potestate
589 1463 745 1533 desperent.
766 1460 818 1519 Ubi
839 1477 912 1517 nunc
931 1472 972 1516 εει
986 1460 1033 1517 illa

229 1556 352 1613 ieroeial
366 1556 410 1613 ubi
424 1570 533 1627 semper
553 1555 634 1611 inlida
649 1554 803 1611 mobilitas?
817 1553 876 1611 Jnnt
892 1569 928 1609 ne
940 1554 1032 1624 procul

230 1650 340 1721 quidem
357 1650 481 1707 Rhenum
496 1650 602 1706 audetis
621 1651 765 1718 accolere,
783 1660 810 1705 et
823 1652 866 1703 nit
881 1650 969 1705 securi
984 1649 1034 1705 dn·

1088 996 1124 1051 tui
1138 1039 1145 1065 ,
1160 1004 1189 1053 et
1203 1006 1326 1054 ornatum
1349 999 1442 1057 lintitis
1465 1000 1548 1056 iacias
1560 1045 1568 1070 ,
1582 1018 1661 1074 quam
1683 1004 1717 1059 ad
1737 1004 1876 1061 laenitatem

1086 1089 1194 1161 quotics
1214 1089 1281 1146 reiis
1295 1090 1321 1147 in
1347 1091 1479 1148 Ιιεειίειιιιι
1505 1094 1672 1151 transeundi.
1697 1094 1801 1167 Quippe
1821 1111 1874 1153 cunt

1087 1189 1158 1237 tutus
1179 1183 1290 1239 erueretis
1305 1184 1418 1241 natibus
1433 1186 1545 1243 iiltcnus
1559 1187 1706 1243 instructus
1719 1188 1763 1255 sit,
1778 1199 1805 1244 et
1822 1187 1878 1261 ripis

1085 1277 1212 1334 omnihus
1232 1294 1318 1351 usquo
1337 1280 1369 1335 ad
1385 1278 1521 1337 Oceanum
1541 1281 1689 1355 dispositus
1709 1281 1787 1338 ntilcs
1800 1281 1878 1338 itnnti·

1086 1380 1159 1427 neat.
1175 1371 1226 1428 Sed
1241 1372 1382 1443 pulcbrnnt
1399 1372 1447 1428 tibi
1463 1375 1584 1439 ridetur,
1600 1384 1627 1431 et
1643 1389 1739 1431 revera
1764 1374 1877 1447 pulcher·

1087 1465 1183 1520 ritnum
1198 1476 1260 1533 εει,
1277 1477 1306 1520 ιιι
1319 1465 1430 1522 hirenus
1455 1467 1500 1523 ilie
1524 1483 1576 1523 ιιιιιι
1597 1469 1684 1524 ειιΙιιιιι
1707 1469 1877 1539 superioribus

1086 1546 1170 1625 loeis,
1186 1556 1232 1613 ubi
1256 1567 1302 1613 ant
1324 1558 1465 1615 latitudine
1483 1559 1616 1629 undosus,
1635 1572 1683 1615 aut
1698 1560 1793 1617 ricinia
1806 1558 1877 1616 iuratis

1088 1652 1221 1722 exiguus,
1235 1652 1282 1707 sed
1296 1650 1376 1707 etiam
1393 1651 1428 1708 ibi
1441 1668 1510 1708 noun
1523 1660 1604 1725 ponte
1619 1654 1749 1719 calcetur,
1763 1653 1804 1709 nbi
1817 1662 1878 1709 totns

232 1744 304 1799 ntina
330 1744 460 1801 interiora
483 1746 594 1816 petatis.
615 1744 716 1800 Curata
740 1744 804 1800 hinc
822 1758 870 1815 per
892 1742 1036 1800 interualla
1052 1752 1076 1813 Β
1090 1752 1149 1813 εει,
1165 1743 1274 1815 ubip'am
1292 1745 1421 1815 plurimos
1437 1745 1643 1813 inumbrantes,
1657 1761 1728 1818 quos·
1742 1746 1784 1801 bic
1797 1754 1879 1801 noster

232 1837 363 1908 disposita
379 1838 465 1908 magis
485 1845 583 1893 ornant
596 1836 709 1894 limitem
726 1836 837 1892 castella
853 1850 931 1905 quant
948 1845 1039 1906 prote-

232 1940 312 2002 gunt.
331 1930 397 1987 Aret
411 1930 483 1986 illam
499 1930 648 1988 terribilem
668 1929 812 2001 aliquando
826 1930 912 2001 ripam
927 1928 1039 1985 inermis

232 2024 372 2095 agricola,
387 2035 415 2081 ει
433 2032 489 2081 toto
505 2027 589 2081 trostri
604 2040 700 2097 greges
718 2024 830 2081 domine
845 2022 949 2080 bicorni
964 2039 1038 2080 rner-

233 2117 339 2175 sant'nr.
353 2118 418 2175 llaec
432 2126 475 2176 est
487 2127 543 2186 tna,
555 2119 742 2186 Constantine,
756 2119 791 2175 de
804 2119 922 2174 ascarici
938 2118 1037 2191 lingai-

233 2212 313 2284 sique
336 2212 469 2284 supplicio
491 2212 648 2282 quotidiana
674 2222 755 2283 atque
779 2221 881 2267 aeterna
905 2212 1036 2281 victoria,

234 2305 362 2361 omnibus
388 2304 525 2376 quondam
556 2303 684 2361 secundis
711 2304 811 2376 procliis
838 2305 1036 2377 anteponenda.

234 2400 320 2455 semel
341 2400 399 2455 arie
425 2398 560 2466 vincitur,
577 2398 636 2454 sine
657 2398 711 2455 ltne
732 2398 904 2454 documento.
927 2398 1038 2454 Cladcm

232 2509 310 2551 suam
320 2537 327 2563 ,
339 2494 462 2565 quamvis
475 2494 552 2550 malti
568 2501 698 2566 pereant,
714 2491 810 2565 anlgns
825 2494 931 2564 ignorat
943 2509 951 2559 ;
963 2507 1040 2549 eom·

183 2582 187 2588 ’
232 2586 1038 2661 pendiumestdetittcendorutnhostiumducessustniisse.

269 2681 327 2738 xit.
348 2682 383 2739 Ut
398 2692 487 2739 tamen
505 2682 630 2739 omnibus
645 2681 734 2737 modis
748 2681 926 2739 barbarorum
940 2676 1038 2737 imma'-

1091 1836 1185 1907 ingens
1198 1834 1304 1904 durius,
1320 1846 1346 1891 ει
1362 1836 1600 1905 BarbarnsNicer,
1613 1848 1638 1892 ct
1654 1835 1758 1893 hlarttus
1772 1836 1878 1901 intuerit,

1090 1929 1134 1985 ubi
1149 1928 1204 1999 jann
1225 1928 1335 1985 immani
1350 1940 1441 1986 meatu
1464 1928 1538 1987 ieros
1552 1972 1560 1999 ‚
1576 1938 1603 1985 et
1623 1930 1695 1987 altrei
1708 1930 1786 1987 nnius
1807 1930 1879 2001 impa-

1090 2022 1161 2078 tiens
1176 2022 1201 2077 in
1217 2036 1264 2077 sua
1275 2038 1375 2077 eortina
1389 2024 1470 2095 gestit
1485 2022 1627 2080 excedere.
1646 2022 1740 2080 Serrit
1755 2022 1876 2095 prolecto,

1089 2116 1267 2173 Constantine
1280 2117 1413 2184 marimo,
1429 2118 1488 2188 ipsa
1502 2133 1593 2173 rernm
1608 2126 1706 2174 natura
1720 2118 1818 2175 nutuini
1830 2128 1878 2185 tan,

1090 2221 1151 2264 cum
1166 2208 1192 2263 in
1206 2207 1252 2263 illa
1266 2210 1400 2281 gurgitum
1412 2208 1554 2265 altitudine
1566 2220 1704 2266 tantarum
1715 2210 1820 2267 ruolium
1831 2210 1879 2265 iar.-

1089 2304 1215 2361 damenta
1227 2304 1381 2375 jaciuntur,
1397 2303 1476 2361 ltdam
1492 2312 1519 2361 et
1533 2304 1657 2361 stabilem
1679 2304 1826 2361 stratitatern
1840 2305 1879 2359 lta-

1091 2398 1189 2455 bitura.
1204 2397 1331 2455 inunxerit
1344 2397 1480 2471 quondam
1493 2397 1557 2455 licet
1573 2398 1741 2470 llellespnnti
1759 2398 1878 2470 aragustias

1090 2491 1179 2547 classe
1193 2506 1314 2547 connexa
1330 2490 1476 2547 Persarum
1491 2506 1538 2547 ret
1555 2492 1776 2561 potentissimus,
1792 2500 1879 2561 teutpa-

1084 2586 1178 2642 rarius
1188 2586 1234 2642 ille
1249 2585 1378 2642 transitus
1393 2582 1455 2641 iuit.
1471 2584 1558 2642 Simili
1571 2584 1683 2641 narinus
1694 2586 1878 2647 continuatione

1090 2678 1220 2736 Bnianutn
1241 2679 1329 2734 sinum
1349 2680 1476 2735 straverit
1495 2679 1528 2736 ab
1543 2679 1663 2751 Angusto
1681 2676 1877 2745 tertiusCrnsar,

232 2776 304 2832 nitas
314 2774 495 2848 lrartgeretnr,
507 2791 558 2831 nec
568 2775 626 2831 sula
639 2772 732 2830 hostes
742 2789 835 2844 regum
849 2790 960 2830 suornm
974 2790 1040 2846 sup·
1090 2762 1208 2829 delicata
1219 2770 1268 2827 luit
1283 2771 1328 2827 illa
1341 2772 1457 2827 sectatio
1472 2771 1600 2842 principis
1615 2770 1708 2827 otitrsi.
1725 2770 1779 2827 lloc
1788 2785 1848 2843 opus
1857 2778 1878 2825 ει

232 2868 311 2939 plicia
323 2879 485 2937 moererent,
499 2868 581 2925 etiam
592 2866 730 2935 immissa,
743 2866 880 2923 Bructeris
890 2866 1040 2924 vastatione
1090 2864 1200 2922 diiiicile
1213 2863 1294 2931 iactu,
1311 2872 1339 2920 et
1353 2880 1401 2921 usn
1413 2864 1529 2921 luturnnt
1542 2875 1582 2921 cst
1593 2864 1796 2935 sempiternum.
1811 2862 1878 2917 Certe

231 2958 336 3029 iecisti,
352 2957 502 3031 imperator
522 2959 632 3015 invicte.
655 2959 684 3016 ht
702 2974 757 3030 quo
779 2959 864 3030 prima
879 2960 986 3016 cnttsiiii
1001 2960 1039 3015 tui
1090 2960 1198 3033 quidem
1211 2960 1266 3030 jam
1281 2959 1327 3015 tibi
1349 2961 1375 3015 in
1390 2959 1501 3016 eturdio
1521 2959 1560 3015 sui
1578 2959 1696 3015 hostium
1719 2960 1799 3015 morit
1811 2956 1877 3011 obse·

233 3055 284 3112 luit
298 3056 378 3123 ratio,
393 3054 466 3127 quod
481 3054 602 3110 exercitu
614 3061 725 3122 repento
740 3052 853 3121 traiecto
868 3052 1038 3121 inopinantes
1091 3054 1163 3124 quia,
1178 3050 1223 3123 qni
1237 3066 1330 3123 pacem
1345 3053 1479 3123 supplices
1493 3052 1638 3122 petierunt,
1656 3047 1877 3109 ttnhilissimosob·

232 3146 344 3203 adortus
362 3162 391 3203 εε
404 3187 412 3212 ,
427 3161 479 3201 non
499 3160 555 3217 quo
572 3154 667 3214 aperto
680 3142 764 3199 llarte
777 3142 928 3212 diillderes,
944 3153 973 3199 ut
991 3146 1037 3215 qni
1052 3148 1075 3212 C
1090 3146 1164 3203 sides
1173 3145 1340 3204 obtulerunt.
1353 3145 1393 3202 lin
1409 3162 1462 3219 qun
1474 3162 1554 3203 nemo
1564 3146 1681 3217 dubitat,
1697 3146 1758 3218 quid
1774 3142 1875 3218 perlecto

234 3241 323 3311 palam
337 3239 466 3309 congredi
481 3238 640 3303 maluisses,
657 3235 705 3291 sed
719 3245 748 3290 ut
762 3234 808 3290 illa
821 3235 895 3291 natio
908 3235 1037 3308 perfugiis

233 3331 362 3388 silvarum
384 3338 412 3388 ct
434 3330 571 3401 paludium
597 3330 695 3386 bellum
716 3327 796 3385 solita
821 3327 944 3386 irustrari
968 3332 1037 3400 inge

233 3435 342 3495 tempus
362 3425 508 3480 amitteret.
534 3422 602 3479 Caesi
616 3420 699 3494 igitur
718 3421 951 3488 innumerabiles,
965 3422 1037 3493 capti

232 3518 354 3589 plurimi.
369 3516 504 3589 Quidquid
522 3515 570 3571 luit
581 3514 704 3585 pecoris,
717 3524 824 3585 captum
836 3557 844 3582 ,
856 3522 903 3569 aut
918 3513 1037 3571 trucida·

231 3623 288 3670 turn
301 3620 353 3669 est.
374 3610 431 3667 Vici
445 3624 542 3667 ontnes
565 3610 627 3680 igne
641 3608 804 3678 consumpti.
819 3607 940 3665 Puberes
952 3610 996 3678 qni
1010 3608 1035 3665 in

230 3720 329 3762 manus
348 3712 498 3771 venerunt,
513 3716 626 3775 qnorum
643 3716 692 3758 nec
705 3701 817 3773 persidia
833 3709 892 3758 erat
906 3713 966 3773 apta
982 3703 1035 3758 rni-

230 3802 307 3867 litinr,
323 3815 373 3856 nee
385 3798 487 3856 ferocia
501 3797 624 3856 seruituti
635 3839 643 3865 ,
656 3796 689 3851 ad
702 3812 798 3869 poenas
811 3797 966 3866 spectaculo
979 3797 1035 3853 dati

229 3892 373 3952 satiantes
381 3893 484 3952 bestias
495 3890 669 3948 multitudine
683 3904 732 3946 sua
742 3888 895 3961 fatigarunt.
911 3890 968 3945 lioc
981 3902 1033 3959 εει,

1089 3248 1172 3309 ponte
1187 3237 1280 3294 iactnri
1294 3238 1359 3303 sint,
1373 3238 1417 3308 qni
1431 3238 1486 3309 jam
1502 3238 1622 3293 seruiunt
1637 3236 1774 3295 inchoato.

1126 3330 1363 3387 attelanensis
1383 3346 1432 3402 pro
1454 3332 1568 3387 utilitate
1588 3345 1619 3386 ac
1639 3330 1768 3404 dignitate
1785 3328 1874 3402 publica

1089 3424 1170 3482 rebus
1185 3425 1315 3481 intentum
1330 3434 1484 3481 auerterunt
1501 3424 1527 3480 in
1539 3440 1569 3481 se
1588 3424 1649 3479 ttoni
1663 3433 1752 3480 matus
1767 3422 1819 3494 ejus
1836 3420 1875 3474 ho

1089 3518 1181 3586 nrittis,
1190 3532 1269 3590 quent
1279 3518 1449 3574 successibus
1457 3519 1510 3573 tuis
1518 3518 1638 3574 tnaxinre
1649 3516 1739 3574 lairere
1747 3514 1872 3572 decuisset.

1091 3610 1129 3667 De
1141 3626 1194 3681 qun
1213 3624 1263 3681 ego
1282 3608 1509 3681 quemadmodum
1528 3608 1615 3666 diram
1636 3608 1726 3665 adhuc
1746 3609 1822 3665 ierme
1834 3604 1874 3658 du·

1089 3702 1163 3767 bitu,
1188 3712 1215 3757 ει
1240 3701 1275 3757 de
1299 3709 1363 3756 nutu
1392 3700 1509 3756 numinis
1537 3700 1573 3755 tui
1598 3711 1716 3771 expecto
1736 3696 1871 3756 eonsilium.

1089 3794 1242 3865 Quamlibet
1256 3795 1327 3852 eninr
1344 3796 1441 3851 merito
1456 3795 1562 3866 pietatis
1578 3803 1630 3849 tum
1644 3794 1782 3865 questibus
1792 3803 1873 3862 argua-

1090 3898 1144 3961 tur,
1155 3887 1234 3947 debet
1242 3876 1331 3948 tamen
1342 3888 1393 3945 sibi
1405 3904 1456 3945 tor
1468 3890 1570 3961 priuata
1582 3888 1730 3957 moderari,
1740 3882 1870 3960 praesertin

894 4007 1079 4068 vantunuu
1098 4010 1212 4068 NOTAE.

264 4134 308 4192 xl.
326 4133 411 4190 Panse
424 4130 533 4188 uirtattia.
546 4127 594 4202 {lta
617 4126 723 4186 restitui
739 4137 799 4199 post
813 4124 964 4184 hcidalinm
982 4144 1034 4200 pro

229 4214 301 4283 senta
313 4206 410 4263 uirtuti.
678 4272 684 4283 .
855 4270 862 4283 ο
882 4271 888 4283 1
1012 4272 1018 4283 “

266 4281 358 4338 Sciant
377 4292 453 4348 porse
466 4291 507 4338 re,
519 4281 572 4331 etc.
587 4270 685 4327 dddidt
699 4286 727 4327 sc
740 4286 772 4326 etr
788 4284 943 4341 susptctone
960 4269 1034 4327 Litt-

227 4353 294 4409 neii.
306 4351 344 4407 ita
357 4349 429 4403 enim
441 4347 547 4404 ridetur
559 4358 656 4398 sensus
671 4342 819 4414 requirere.

263 4421 399 4494 Comperta
410 4428 541 4489 potntnte.
555 4414 582 4469 td
593 4423 645 4476 εει.
660 4429 693 4469 ex
704 4429 758 4482 quo
768 4412 958 4468 intellexerunt
967 4414 1032 4483 quid

227 4497 326 4565 possis.
349 4492 481 4549 Gruterus
494 4487 595 4545 mauult
610 4485 663 4555 legi
677 4495 759 4553 coepto
774 4496 869 4555 ponte,·
882 4486 943 4554 qnia
959 4486 1033 4541 enim

226 4566 254 4621 in
264 4580 315 4621 tns.
327 4574 385 4621 erat
397 4572 457 4630 pote
467 4577 516 4631 prn
530 4567 616 4627 ponte,
628 4567 767 4625 acceptum
779 4555 844 4611 iliad
859 4555 1033 4625 abimperitis
1046 4546 1073 4608 b

227 4636 348 4692 librariis
362 4650 411 4705 pru
426 4643 557 4705 potestate.
582 4630 698 4696 Proque
718 4628 873 4697 conjectura
888 4628 977 4683 atcere
991 4630 1032 4683 ni-

226 4708 305 4763 detur
316 4706 392 4771 illud,
404 4721 431 4759 tt.
447 4706 496 4759 ib:
509 4704 619 4772 ltranpcr
629 4700 705 4755 etiem
713 4699 896 4770 Agrippinensi
907 4702 1008 4771 pontes
1024 4731 1033 4741 ·

225 4777 322 4833 εἱιιιιιιε
338 4776 453 4847 reiiqrtiis
467 4776 565 4848 afflicte
576 4772 658 4845 pentir
669 4771 779 4825 insultas
782 4810 837 4825 .....
854 4786 944 4841 esque
957 4788 1031 4826 netrto

223 4849 341 4917 dubitat,
354 4847 417 4918 qnid
432 4853 543 4917 perfecto
562 4854 638 4917 ponte
653 4843 748 4914 secturi
760 4842 828 4908 rint,
847 4843 891 4912 qui
900 4846 959 4916 jam
973 4860 1029 4899 rer·

223 4923 295 4975 niune
309 4920 436 4974 incitante.

261 4990 381 5047 Curretia.
398 4988 478 5044 Varia
504 4997 582 5041 erant
606 4986 737 5055 disposita
764 4985 798 5041 ad
826 4984 914 5040 liin-ni
940 4986 1026 5053 ripam

223 5065 354 5131 castella,
373 5060 472 5133 quibus
490 5058 686 5115 Germanorum
707 5058 876 5113 incursiones
897 5056 1027 5127 prohibe·

223 5144 382 5333 :ffatim
395 5200 504 5259 bicorni.
526 5200 621 5257 ereno
639 5201 774 5256 lavantur.
793 5198 867 5273 Virg.
885 5198 984 5273 Georg.
1002 5199 1026 5273 ιξ,

285 5380 468 5445 balantumque
479 5389 586 5441 gregem
594 5375 669 5427 durio
680 5387 793 5426 mersare
804 5374 906 5425 salubri.

258 5463 345 5520 Semel
353 5506 361 5525 .
372 5464 444 5530 acie,
458 5469 511 5519 etc.
528 5460 617 5517 Semel
629 5459 688 5515 acie
701 5458 803 5524 ricisti,
821 5458 868 5514 sed
885 5456 936 5514 hoc
947 5457 1028 5529 iustas

220 5534 374 5592 seueritatis
388 5534 512 5603 exemplo
525 5533 552 5586 in
568 5539 727 5602 perpetuum
740 5544 789 5586 eus
802 5530 969 5600 comprimis.

258 5604 380 5661 uentum
393 5606 480 5661 enas.
499 5602 611 5660 Videtur
625 5602 654 5658 in
668 5616 703 5659 eo
717 5602 777 5658 inco
792 5601 891 5656 nimius
901 5642 909 5667 ,
921 5601 968 5658 sed
983 5600 1024 5663 tti-

219 5675 336 5742 mirum,
347 5686 376 5733 ιιι
390 5685 479 5732 ιειιιιιι
493 5676 559 5733 illud
573 5674 646 5747 quod
660 5675 741 5745 paulo
755 5671 940 5735 duriusculum
953 5682 1024 5739 erat.

221 5744 272 5803 hee
281 5754 340 5804 arte
353 5747 483 5805 emolliat.

1121 4130 1179 4187 xit.
1206 4128 1345 4186 Bructeris.
1374 4130 1488 4186 iirttcteri
1518 4130 1669 4188 Germaniae
1693 4127 1796 4202 populi,
1814 4135 1870 4194 quos

1085 4202 1130 4258 alii
1148 4204 1173 4259 in
1188 4200 1207 4257 F
1210 4203 1272 4258 risia
1290 4202 1432 4269 Orientali,
1454 4203 1499 4259 alii
1519 4204 1545 4257 itt
1557 4202 1724 4273 Wcstpltaiia
1740 4201 1867 4259 collocant,

1086 4274 1129 4330 uhi
1146 4291 1216 4331 nnnc
1232 4272 1341 4330 blathirc
1355 4276 1513 4331 cnrttitatns.

1121 4346 1189 4403 Xlil.
1205 4346 1386 4421 Agrippinensi
1410 4356 1494 4413 pente.
1518 4346 1663 4417 agrippina
1673 4338 1869 4409 cointtia,Coio·

1085 4434 1143 4488 qttr,
1152 4420 1213 4473 nlim
1231 4419 1374 4489 agrippina
1389 4418 1532 4483 Ubiorum,
1544 4416 1699 4489 Agrippinae
1711 4415 1870 4471 Neronisnra·

1086 4492 1135 4544 tris
1160 4491 1254 4561 patria.
1273 4490 1342 4547 h'tbs
1361 4488 1668 4547 cornuumaueniens
1685 4484 1868 4559 preclarissinta

1086 4562 1118 4615 ad
1132 4562 1267 4623 ithentnn,
1286 4560 1368 4617 libera
1391 4570 1419 4617 et
1434 4562 1591 4631 Etttpurium
1614 4581 1620 4615 ι
1640 4562 1728 4619 media
1741 4554 1869 4613 tnterln·

1086 4634 1168 4687 serint
1185 4644 1212 4689 ει
1224 4634 1414 4689 lionasteritnn
1431 4632 1547 4701 nrbetn,
1566 4633 1644 4702 cujus
1663 4629 1869 4701 archiepiscopus

1084 4703 1195 4760 Elector
1215 4715 1257 4760 est
1277 4704 1395 4776 imperii.

1120 4794 1259 4853 Persarum
1273 4814 1327 4852 rea.
1347 4797 1451 4853 licrxcs
1463 4778 1689 4871 bartt'llysnspts
1700 4796 1769 4852 iilius
1780 4785 1868 4863 paterni

1081 4873 1168 4939 regni.
1186 4881 1266 4941 atquc
1277 4869 1332 4925 odii
1346 4869 1370 4924 in
1382 4870 1494 4925 Graecos
1507 4869 1595 4925 tannes
1606 4870 1718 4926 natibus
1731 4866 1868 4942 Hellespon·-

1081 4949 1136 4995 tum
1148 4941 1248 5013 junxit,
1262 4950 1343 5011 atquc
1358 4951 1386 4996 nt
1401 4941 1521 5012 Eutropii
1537 4942 1619 4997 aerbo
1634 4953 1703 5004 ntar,
1717 4936 1868 4994 contabulatu

1079 5011 1186 5084 utyrnp.
1196 5014 1241 5069 75.
1257 5010 1380 5068 Herodoti
1389 5012 1482 5081 btod,
1496 5014 1533 5068 ric
1542 5010 1560 5067 J
1563 5014 1643 5070 nstin.
1660 5009 1865 5074 stannaturae.

1115 5127 1219 5183 Tettius
1236 5125 1334 5184 Cesar.
1347 5124 1479 5198 Caligula.
1496 5126 1574 5184 Suet.
1588 5143 1614 5185 c.
1631 5128 1682 5184 ta:
1700 5126 1814 5199 liniarum
1824 5132 1866 5173 nte-

1079 5200 1150 5254 diunt
1170 5200 1333 5255 interuallum
1346 5197 1507 5254 Puteolanas
1522 5200 1557 5253 nd
1570 5200 1649 5255 areles
1673 5200 1721 5255 tritt
1738 5196 1836 5251 millium
1847 5194 1866 5242 ei

1079 5281 1254 5327 sexcentorum
1269 5275 1323 5343 sere
1336 5286 1458 5345 passuum
1472 5280 1548 5345 ponte
1561 5271 1701 5344 cotq'ttnpit,
1716 5277 1766 5327 ειε.

1115 5383 1149 5442 In
1162 5386 1268 5442 exordio
1282 5386 1332 5441 etti.
1347 5382 1448 5457 Supple
1461 5386 1574 5459 imperii.

1117 5502 1187 5561 xlv.
1207 5504 1274 5570 Eius
1298 5504 1418 5559 hortinis.
1443 5502 1597 5560 Maximiani
1620 5516 1726 5575 querna
1748 5492 1877 5571 llarentie·

1074 5576 1192 5649 pulsum,
1209 5576 1325 5646 ejeetnnt
1336 5591 1367 5632 ea
1382 5574 1470 5642 ltalia,
1482 5575 1609 5632 Treveris
1624 5571 1813 5646 perhumaniter
1824 5577 1863 5620 er·

1074 5658 1184 5721 ceperat
1197 5656 1305 5718 accepta
1318 5647 1399 5703 etiam
1415 5649 1440 5702 in
1458 5663 1571 5709 uxorem
1586 5648 1684 5705 Fausta
1698 5649 1755 5717 ejus
1768 5639 1824 5695 lilia.

1112 5736 1268 5809 Quamlibet,
1281 5748 1333 5795 etc.
1344 5735 1373 5795 ld
1385 5747 1437 5805 est,
1451 5740 1551 5797 etenim
1562 5738 1628 5797 licet
1639 5748 1682 5797 tua
1697 5736 1723 5795 in
1734 5746 1788 5793 ιιιιιι
1797 5722 1859 5803 pieta

19 5783 26 5930 q

19 5966 27 6024 l.
