3975 6292
202 174 256 235 695
831 164 1045 227 alabastritis
1066 166 1206 227 VETERA
1792 174 1837 235 iad

201 296 272 352 lecta
288 292 355 348 iacta
371 289 429 346 luit.
447 289 480 345 st
497 286 642 360 proconsul
666 286 711 359 qui
731 288 787 358 jam
803 284 903 342 totiens
917 282 1003 341 rictus
1017 294 1042 351 Α
1055 284 1204 355 scripturas
1217 284 1377 351 dominicas,
1402 284 1588 359 deperderet,
1610 288 1679 345 inter
1696 297 1792 347 secreta
1802 293 1837 349 sui

197 386 301 454 iuerat,
328 384 447 455 impetus
460 382 575 439 Emeriti
599 380 792 453 perhorrebat,
811 390 842 435 et
865 379 1003 435 tamenin
1056 381 1175 452 pectoris
1199 380 1352 437 collocarit.
1368 381 1428 451 Qun
1443 382 1563 453 cognito,
1584 383 1837 457 proconsolzlarce,

199 478 390 553 presbyterum
405 491 513 543 uersus,
544 477 634 547 Quare
661 482 755 531 cantra
768 484 944 547 pracceptum,
964 474 1006 529 in·
1057 475 1152 547 inquit.
1168 462 1288 549 Eiusque
1301 475 1499 533 contessionem
1513 476 1540 532 in
1554 478 1709 534 memoriam
1727 493 1776 535 nna
1787 495 1839 537 cun

199 570 271 643 quit,
284 568 414 637 faciebas,
429 566 598 625 Saturniae?
609 567 658 623 Cui
669 566 830 623 Saturninus
843 566 1005 623 :intermitti
1056 576 1217 624 caetcrorum
1230 568 1446 625 confessionibus
1460 568 1586 639 redigens
1601 585 1608 623 t
1623 567 1677 626 Pro
1686 569 1779 625 restris
1791 586 1840 629 me·

201 662 367 720 dominicum
381 677 437 717 nan
452 668 553 734 potest,
567 662 615 716 ait.
628 661 683 716 Lex
697 660 737 715 sic
748 658 835 730 jubet.
850 658 927 732 Tunc
942 673 1005 729 pra-
1057 660 1228 729 ritisamnas,
1252 660 1349 732 inquit,
1365 662 1515 720 serrandum
1528 660 1727 719 consessionem
1739 673 1841 721 vestrm

201 758 296 818 consul
314 777 322 815 r
338 759 399 816 Nan
416 768 508 815 tamen
522 757 639 815 debuisti
658 755 792 829 prohibita
816 766 1004 825 contemnere,
1057 768 1152 826 partas
1172 754 1281 813 meritas
1293 755 1464 827 persolveris.
1842 736 1846 745 ’

202 852 253 910 sed
267 851 414 910 observare
427 852 516 923 potius
527 891 535 919 ,
548 858 576 908 et
589 864 643 909 nan
655 864 713 907 reru
729 848 818 907 lacere
830 856 924 907 cantra
937 864 1006 921 prae-
1095 845 1129 901 li.
1152 845 1205 905 Sed
1225 848 1280 919 y'am
1302 846 1386 904 lerina
1411 848 1498 904 rabies
1520 862 1568 905 ore
1592 856 1705 905 cruento
1719 850 1843 909 tormentis
1858 890 1862 897 ·

200 955 309 1017 ceptum
326 947 529 1017 imperatorum.
542 942 577 999 lit
587 943 715 999 meditata
726 942 830 1014 jamdiu
843 943 870 998 ia
881 939 1008 1016 martyri-
1058 948 1207 1013 martyrum
1221 939 1344 1013 saginata
1353 938 1506 1013 languebat.
1520 938 1574 997 Scd
1586 954 1648 997 cum
1661 940 1735 997 l'elir
1750 942 1843 1000 nomine

202 1042 256 1099 bus
269 1055 346 1107 roae,
361 1048 493 1097 terrorem
506 1054 563 1095 sure
576 1036 625 1095 ira
639 1036 788 1094 commovit
801 1053 809 1105 3
826 1037 869 1093 cui
890 1053 944 1093 non
965 1036 1006 1109 pi·
1058 1040 1086 1089 et
1097 1032 1222 1103 passione
1236 1032 1413 1104 processisset
1432 1034 1458 1088 in
1471 1032 1605 1105 pralium,
1618 1033 1741 1105 aciesque
1753 1016 1842 1091 bonni

202 1149 253 1207 gra
269 1141 377 1204 paretur
386 1132 528 1205 obsequio.
540 1130 608 1188 Nam
618 1130 762 1201 carnifices
774 1133 800 1186 in
809 1131 895 1187 senile
908 1143 1008 1199 corpus
1059 1126 1472 1197 ornrrisincorruptainrictaqne
1480 1133 1624 1197 perstaret,
1634 1134 1844 1198 tyrannusmente

201 1227 354 1299 presbyteri
368 1238 460 1292 ruunt,
474 1234 501 1282 et
514 1233 656 1298 grassante
670 1225 756 1291 rabie,
769 1234 847 1295 rupta
862 1237 1007 1279 nervorum
1058 1224 1221 1290 prostratus,
1236 1232 1303 1275 roae
1318 1217 1463 1285 demissus,
1486 1218 1575 1273 anima
1591 1226 1617 1273 et
1638 1232 1750 1289 corpore
1769 1218 1845 1275 disso-

201 1320 385 1389 cannexione,
408 1319 576 1390 discerpunt.
602 1316 805 1391 ingemiscenda
825 1315 958 1386 supplicia
980 1323 1009 1370 et
1059 1312 1132 1367 lutus
1147 1329 1154 1365 ε
1170 1310 1256 1382 Spero
1267 1326 1327 1379 vos,
1341 1311 1438 1381 inquit,
1451 1308 1521 1366 banc
1533 1320 1636 1381 partem
1650 1310 1737 1381 patius
1749 1310 1843 1382 eligere,

201 1412 268 1469 nori
287 1414 394 1485 generis
407 1414 434 1467 in
456 1412 626 1469 sacerdotem
650 1410 697 1467 uei
721 1410 854 1482 exquisita
875 1418 1008 1466 tormenta
1060 1421 1113 1477 qua
1128 1407 1235 1477 possitis
1247 1402 1352 1475 risere,
1369 1413 1397 1460 ut
1410 1404 1547 1477 jussiones
1561 1404 1740 1463 conservetis.
1759 1405 1845 1461 Contra

202 1504 325 1573 rideres,
350 1505 427 1576 qnasi
444 1505 471 1560 in
491 1504 592 1577 pabulo
607 1504 749 1561 vulnerum
776 1502 854 1560 lamis
868 1502 943 1559 rabie
957 1517 1010 1559 sae·
1060 1512 1121 1570 quae
1147 1497 1319 1555 confessores
1343 1497 1460 1564 llomini,
1482 1498 1574 1554 invicti
1598 1506 1730 1572 martyres
1751 1496 1844 1565 Ciuisti,

203 1597 263 1654 rire
286 1596 440 1666 carnillces,
456 1596 612 1669 apertisque
629 1594 790 1664 uisceribus,
808 1595 842 1651 ad
867 1595 1008 1651 horrorem
1061 1604 1187 1667 tanquam
1210 1610 1243 1651 ex
1268 1608 1322 1651 uno
1340 1608 1388 1650 are
1416 1593 1568 1651 dixerunt:
1590 1590 1736 1647 Christiani
1757 1606 1845 1661 sumas,

202 1687 355 1745 ridentium
370 1690 440 1745 inter
460 1688 587 1745 ruborem
598 1688 747 1759 sanguinis,
762 1700 824 1743 ossa
838 1685 936 1743 nudata
950 1685 1009 1758 pal·
1025 1692 1049 1755 Β
1063 1702 1117 1745 non
1135 1702 1280 1760 possumus
1298 1686 1349 1743 nisi
1366 1686 1471 1743 [lamini
1484 1686 1571 1759 legera
1585 1694 1708 1741 sanctam
1723 1698 1801 1756 usque
1819 1682 1847 1739 ad

201 1785 272 1853 lere,
287 1793 315 1842 et
330 1800 380 1841 aec
398 1786 470 1840 inter
483 1798 574 1840 maras
581 1783 774 1856 torquentium,
790 1782 927 1839 exclusam
942 1780 1004 1837 ani·
1062 1780 1224 1838 allusionem
1246 1779 1384 1851 sanguinis
1397 1778 1544 1837 custodire.
1569 1778 1627 1849 Qun
1644 1793 1711 1835 uoce
1722 1792 1847 1849 percussus

205 1893 280 1937 raam
304 1894 404 1952 carpus
426 1877 559 1951 supplicio
580 1877 716 1950 pendente
739 1876 878 1933 deserere.
900 1876 935 1931 tt
958 1874 1005 1930 tali
1059 1875 1185 1933 iuimicus
1196 1875 1279 1931 Felici
1293 1874 1484 1931 dicabatzdan
1496 1890 1590 1947 quaro
1603 1884 1693 1931 utrum
1703 1872 1847 1931 sinistimus

204 1985 276 2028 noce
288 1970 429 2027 bominum
441 1970 583 2043 presbyter
593 1968 770 2041 precabatur:
781 1968 902 2039 Rogare,
914 1963 1007 2022 Chris·
1060 1967 1109 2036 sis,
1124 1966 1172 2023 sed
1185 1981 1219 2021 an
1238 1966 1381 2023 collectam
1405 1965 1514 2034 leceris,
1529 1966 1573 2023 vei
1588 1966 1737 2037 scripturas
1760 1964 1847 2036 aliquas

203 2076 245 2134 te,
256 2064 364 2123 eraudi.
376 2064 484 2122 Gratias
495 2063 542 2119 tibi
550 2076 611 2134 aga,
625 2062 717 2118 Deus:
731 2060 801 2118 tube
809 2075 853 2116 me
866 2058 1007 2117 decoliari.
1064 2058 1178 2117 babeas.
1204 2060 1329 2117 tistulis
1352 2059 1452 2132 judicis
1475 2069 1503 2117 ct
1530 2058 1644 2117 ridenda
1671 2059 1847 2131 interrogatio!

90 2156 100 2165 '
204 2158 294 2230 Roga,
307 2155 424 2223 Christe,
440 2155 581 2211 miserere.
592 2152 644 2209 Fili
659 2152 717 2221 liei,
740 2151 864 2210 subreni-
875 2148 925 2207 Cui
946 2165 1009 2222 pro-
1064 2154 1249 2223 Christianus,
1261 2156 1359 2227 inquit,
1373 2162 1462 2212 utrum
1476 2156 1514 2211 sis
1529 2164 1600 2213 tace.
1624 2152 1818 2213 Etaddiditrsi
1828 2154 1848 2208 in

206 2248 324 2307 consui:
341 2247 430 2316 Quare
443 2255 537 2303 cantra
556 2252 722 2317 preceptum
745 2242 833 2301 iaciat
846 2242 882 2300 lit
896 2242 1012 2314 presby·
1064 2247 1180 2303 collecta
1193 2245 1283 2303 luisti?
1292 2244 1442 2319 llespondit
1457 2244 1560 2315 :Quasi
1573 2243 1849 2303 christianussiaedo·

205 2351 249 2403 ter
265 2362 271 2399 :
285 2342 341 2399 Lex
355 2340 494 2413 siojubet,
509 2334 1010 2409 1111111111111111.0111111111
1062 2340 1163 2397 mirica
1182 2340 1279 2411 possit,
1294 2348 1341 2396 aut
1361 2338 1525 2397 dominicum
1550 2338 1609 2395 sine
1630 2338 1775 2395 christiana
1789 2336 1849 2393 cele·

159 2458 164 2463 ·
206 2435 275 2493 satis
292 2448 326 2492 ac
349 2432 521 2504 praedicanda
544 2435 694 2509 presbyteri
713 2431 833 2488 doctoris
852 2428 943 2486 diuina
966 2444 1010 2486 re·
1064 2431 1149 2489 brari.
1162 2438 1203 2487 Aa
1216 2432 1315 2502 nescis,
1328 2431 1452 2500 Satanas,
1468 2429 1644 2488 indominica
1659 2430 1849 2489 christianumct

206 2528 341 2600 sponsiol
370 2527 469 2599 Legem
488 2527 687 2585 sanctissimam
711 2524 793 2583 etiam
814 2525 841 2580 in
868 2522 1013 2607 tormentis
1064 2524 1092 2581 in
1105 2522 1432 2581 christianadaminicum
1446 2524 1635 2591 constitutum,
1650 2531 1679 2581 ut
1692 2523 1849 2582 necalrerun

203 2619 347 2693 presbyter
358 2618 499 2691 praedicat,
515 2634 565 2691 pro
579 2635 631 2692 qua
646 2619 763 2676 libenter
776 2616 908 2688 supplicia
928 2614 1010 2671 susti·
1065 2620 1125 2677 sins
1140 2621 1226 2677 altero
1248 2620 1336 2677 valeat
1354 2617 1434 2675 esse?
1451 2616 1519 2676 Cum
1545 2633 1645 2676 nornen
1668 2616 1789 2683 audieris.
1807 2614 1850 2671 ire·

206 2711 299 2769 nebat.
314 2710 394 2783 Legis
407 2710 524 2781 danique
538 2710 762 2769 rocedeterritus
780 2709 933 2765 Anulinus:
947 2707 1014 2764 Par·
1066 2713 1205 2785 quentiam
1223 2713 1328 2769 bamini
1346 2711 1437 2782 disce;
1452 2721 1480 2771 et
1493 2728 1554 2769 cum
1576 2711 1721 2769 collectam
1740 2710 1849 2783 audieris,

206 2819 279 2866 cam.
291 2804 394 2876 inquit,
407 2819 524 2877 eumque
535 2805 564 2861 in
575 2804 727 2861 custodiam
740 2804 859 2861 carceris
874 2801 1012 2875 redigens,
1065 2820 1165 2863 nomen
1179 2820 1306 2877 agnosco.
1324 2804 1445 2877 berriquc
1459 2804 1780 2877 cognoscensanrartyre
1789 2810 1813 2859 et
1822 2801 1851 2858 ri-

208 2905 339 2970 exoptata
359 2898 493 2969 supplicio
514 2896 671 2955 destinarit.
1067 2897 1152 2965 deris,
1165 2892 1847 2969 taliresponsioneconlauderiscollectam,inquit,

245 2986 293 3045 lii.
306 2991 342 3045 alt
356 3002 422 3045 uera
435 2988 557 3045 Emerita
571 2988 713 3061 applicito,
730 2989 757 3045 in
782 2999 837 3056 tna,
851 2987 939 3061 inquit
953 3001 1016 3059 pro-
1068 2989 1265 3063 gloriosissimo
1286 2982 1493 3055 celebravimus,
1507 2990 1541 3045 ad
1561 2990 1711 3061 scripturas
1722 2986 1851 3045 dominicas

209 3083 317 3149 consul,
328 3082 410 3140 domo
422 3082 543 3139 collecte
554 3081 633 3139 iacta
644 3090 709 3138 sunt
718 3091 811 3139 contra
823 3092 954 3155 praecepta
966 3084 1018 3138 im·
1030 3091 1053 3156 (1
1069 3064 1197 3152 legendas
1209 3081 1236 3136 in
1246 3079 1409 3138 dominicum
1423 3080 1599 3139 convenimus
1609 3095 1728 3153 semper.
1737 3080 1789 3149 Qua
1798 3092 1852 3135 con

208 3176 386 3248 parataruml
400 3170 450 3230 Cui
465 3174 601 3231 Emeritus
615 3183 710 3231 sancto
724 3174 827 3246 Spiritu
842 3175 1009 3231 inrrndatus:
1063 3172 1183 3232 lessionc
1197 3173 1326 3231 conlusus
1337 3174 1456 3246 graviter
1468 3174 1612 3243 dnulinus,
1628 3172 1743 3231 iustibus
1755 3184 1850 3235 casum,

211 3268 240 3325 in
254 3267 336 3324 donro
359 3281 430 3333 area,
446 3267 543 3340 inquit,
568 3268 671 3341 egimus
690 3268 865 3325 dominicum.
882 3267 918 3323 dt
940 3268 1011 3325 ille:
1064 3268 1357 3343 exanimem,·‚eoetesd
1374 3268 1492 3324 corrailio
1511 3278 1658 3342 martyrem
1681 3274 1851 3342 properantem

209 3360 301 3429 Quare
322 3359 508 3432 permittebas,
531 3361 579 3428 ait,
603 3360 666 3417 illos
688 3359 821 3433 ingredi?
838 3360 988 3432 Respondit
1004 3378 1011 3416 ι
1065 3362 1099 3419 ad
1115 3362 1221 3419 siderea
1235 3363 1392 3432 tribunalia,
1405 3364 1516 3435 expleta
1532 3366 1672 3436 passiano,
1685 3362 1822 3421 consociat.

209 3454 344 3523 Quoniam
355 3452 454 3511 iratres
468 3455 520 3511 mei
535 3463 610 3522 sunt,
624 3464 651 3511 cl
663 3468 718 3511 non
733 3463 854 3526 pateram
874 3453 937 3511 illos
951 3468 1015 3525 pra-
1101 3454 1148 3513 Xl.
1160 3457 1214 3515 Sed
1223 3456 1342 3515 Felicem
1352 3458 1475 3530 seqnitur
1484 3457 1553 3514 alins
1563 3456 1638 3514 Felix
1649 3458 1758 3516 nomine
1768 3454 1852 3529 pariter

211 3547 319 3605 bibere.
330 3546 384 3604 Sed
395 3546 550 3618 probibere,
565 3546 663 3619 inquit,
678 3545 740 3603 illos
759 3544 887 3604 debuisti.
901 3545 937 3602 dt
951 3546 1012 3603 ille:
1067 3556 1094 3605 et
1104 3549 1276 3607 confessione
1286 3560 1367 3622 atque
1378 3550 1435 3621 ipsa
1445 3552 1572 3622 passione
1584 3553 1745 3610 consimilis.
1753 3550 1808 3608 Pari
1819 3559 1850 3606 et·

210 3640 272 3700 Nan
286 3642 371 3714 potui,
383 3640 565 3715 ait,qnaniam
578 3641 638 3698 sine
650 3641 846 3698 dominicanan
859 3656 1012 3712 possumus.
1067 3642 1139 3699 enim
1155 3644 1252 3700 uirtute
1268 3658 1442 3715 congressus.
1458 3645 1540 3701 etiam
1556 3644 1613 3716 ipse
1629 3644 1739 3701 lustinm
1757 3644 1851 3701 laesione

210 3734 309 3794 Statim
325 3735 405 3791 etiam
418 3736 476 3805 ipsc
496 3734 524 3790 in
536 3736 651 3806 equuleo
671 3734 783 3806 jubetur
794 3733 904 3790 extendi
919 3741 1014 3790 exten·
1067 3745 1219 3806 quassatus,
1235 3738 1352 3792 animam
1367 3734 1392 3791 in
1409 3746 1542 3792 tormenta
1556 3736 1676 3793 carceris
1698 3750 1802 3809 ponens,
1814 3749 1851 3790 su·

212 3844 314 3900 surque
325 3828 427 3883 vexari.
442 3826 493 3895 Qui
509 3842 569 3883 cum
587 3826 690 3883 validas
700 3828 771 3883 ictus
786 3826 1015 3894 innovatocarni-
1068 3828 1182 3898 pariaris
1196 3825 1293 3884 Felicis
1307 3839 1348 3884 est
1361 3829 1491 3900 martyrio
1503 3829 1655 3899 copulatus.
1668 3828 1733 3885 Post
1743 3828 1789 3884 iras
1800 3840 1849 3882 sus·

212 3920 266 3978 llas
281 3930 437 3992 pateretur:
454 3920 541 3991 Roga,
565 3920 613 3985 ait,
634 3918 753 3986 Christe,
776 3920 900 3976 subveni.
916 3918 1016 3975 Contra
1068 3922 1141 3991 cepit
1154 3930 1289 3977 certamen
1312 3920 1452 3992 drrrpelius
1471 3930 1564 3978 custos
1579 3922 1655 3994 legis,
1678 3922 1851 3993 scripturarum

185 4020 380 4085 'preceptum
406 4011 452 4068 liei
479 4012 576 4077 lacitis,
598 4011 761 4069 ainielices.
777 4011 810 4067 Et
824 4011 1016 4082 interloquenti
1068 4013 1219 4071 diuinarum
1247 4012 1421 4071 fidelissimus
1447 4025 1634 4072 conservator.
1665 4014 1713 4071 llic
1732 4018 1852 4087 querente

212 4105 370 4178 proconsuli
394 4124 401 4161 ε
421 4104 480 4162 Nan
500 4115 659 4178 oportuerat
682 4115 708 4164 te
727 4122 775 4164 eos
801 4107 949 4179 suscipere,
974 4122 1018 4163 rc·
1069 4108 1232 4183 proconsule
1253 4122 1286 4163 an
1307 4108 1333 4164 in
1346 4108 1458 4165 collecta
1473 4108 1578 4174 luisset,
1594 4108 1690 4165 lrilaris
1702 4118 1778 4180 atqua
1790 4118 1852 4161 secu·

214 4198 327 4271 spondit
337 4218 344 4255 2
355 4198 413 4255 lion
421 4204 562 4269 potueram
573 4200 639 4271 quin
648 4199 814 4270 susciperem
822 4198 919 4255 iratres
929 4213 1015 4255 meos.
1069 4218 1117 4259 rus
1130 4202 1212 4258 alacri
1224 4201 1439 4273 rocerespondir
1453 4220 1459 4259 :
1473 4201 1540 4259 Cunr
1555 4200 1694 4271 iratribus,
1709 4200 1798 4272 inquit,
1812 4194 1851 4253 teci

216 4292 253 4352 At
268 4291 412 4363 proconsul
424 4293 591 4363 sacrilegus:
608 4291 662 4348 Sed
677 4292 761 4361 prior,
777 4292 1015 4364 inquit,erat1us·
1070 4296 1223 4363 collectam,
1234 4294 1399 4351 dominicum
1415 4296 1566 4361 colebroch
1583 4306 1609 4351 ct
1624 4296 1767 4367 scripturas
1781 4289 1852 4348 doni-

214 4384 258 4441 sio
272 4385 466 4455 imperatorum
479 4391 508 4440 et
518 4382 666 4441 Casarunr.
682 4381 782 4441 Contra
800 4384 1019 4455 religiosissimus
1072 4391 1146 4449 airas
1160 4390 1248 4447 habeo
1266 4404 1382 4457 mecum,
1398 4388 1446 4446 sed
1470 4390 1497 4446 in
1521 4389 1604 4446 corde
1619 4405 1681 4447 meo
1693 4387 1850 4458 conscriptas.

213 4486 330 4548 1111111.
358 4476 441 4543 aeos,
457 4476 553 4549 111111.
566 4475 654 4546 motor
666 4484 708 4532 est
720 4490 800 4547 11111
829 4475 1017 4545 imperatores·
1031 4483 1188 4555 periisse,
1205 4484 1253 4541 risi
1267 4483 1360 4541 laudes
1376 4482 1474 4542 rerem.
1488 4483 1601 4553 arandi,
1615 4484 1732 4542 conisae.
1743 4481 1789 4551 aut
1802 4491 1852 4535 eun

213 4564 304 4640 liuga,
321 4568 439 4639 Christe,
452 4571 501 4627 tibi
516 4571 620 4629 laudes.
632 4571 740 4629 Christe
750 4572 875 4639 bomine,
891 4571 924 4627 da
937 4570 1020 4629 suile·
1074 4578 1132 4633 bac
1142 4576 1266 4645 dixisset,
1279 4577 1429 4635 corvicibus
1439 4578 1571 4646 contusis,
1586 4577 1662 4649 quasi
1674 4576 1728 4648 iam
1741 4574 1766 4631 in
1777 4571 1851 4629 taber·

216 4662 344 4718 rentiam.
355 4660 405 4717 Cui
417 4663 479 4720 talia
492 4666 612 4737 precanti
624 4663 833 4735 baecproconsnl
844 4664 953 4735 iniecit:
965 4663 1020 4720 ila·
1072 4670 1198 4727 naculum
1219 4669 1383 4726 dominicum
1398 4670 1475 4726 latus
1489 4685 1551 4727 cum
1575 4668 1704 4728 iratribus
1726 4666 1851 4737 relegatur.

217 4753 269 4812 bes
294 4769 360 4825 ergo
374 4756 534 4827 scripturam
557 4757 675 4830 aliquam
688 4757 716 4813 in
731 4755 814 4813 domo
836 4757 899 4813 tuat
922 4757 956 4813 Et
973 4772 1019 4814 rc·
1073 4764 1150 4822 Hunc
1163 4765 1285 4838 sequitur
1295 4764 1461 4835 Regalianus
1473 4782 1480 4819 :
1491 4764 1538 4836 qui
1552 4762 1693 4821 consessus
1707 4758 1803 4819 bomini
1815 4768 1853 4813 no

216 4845 350 4916 spondit:
365 4844 467 4915 liabeo,
479 4849 528 4905 sed
547 4850 573 4905 in
584 4848 666 4907 cordo
680 4864 751 4905 mco.
764 4848 798 4904 Et
809 4847 953 4919 proconsul
968 4866 975 4906 :
990 4848 1019 4905 ln
1074 4874 1148 4925 men,
1164 4858 1325 4929 supradictis
1341 4856 1468 4915 [parribus
1480 4856 1760 4929 jungebarurittaesus.
1781 4850 1852 4921 Quiu-

217 4939 311 5006 d⁰¹¹¹0s
338 4939 436 5010 lnquit,
461 4950 507 4997 11111
523 4938 618 5012 111101,
633 4960 667 4999 1111
683 4943 755 5000 110111
771 4942 1021 5016 101011111111111111
1072 4961 1116 5011 tus
1126 4966 1192 5009 uera
1205 4950 1368 5024 Applicitus,
1383 4950 1491 5025 egregie
1505 4968 1603 5009 namen
1623 4950 1727 5009 Domini
1745 4944 1852 5021 magnii·

217 5019 497 5092 11111011011111110
521 5035 583 5092 111111
598 5038 695 5093 111110·
717 5038 804 5109 110101
829 5037 947 5104 cnrisre,
972 5037 1021 5093 ribi
1072 5043 1851 5120 cequeconlessas,caesusiustibusincarceremtradirur,

217 5125 324 5183 laudes.
343 5126 441 5183 Libera
460 5142 514 5196 me,
527 5125 645 5195 Christe,
660 5129 688 5184 in
701 5130 810 5186 nomine
822 5140 878 5186 tua.
900 5130 1023 5186 Breviter
1073 5138 1208 5210 condigno
1229 5138 1360 5211 martyrio
1385 5148 1553 5197 reservatus.
1573 5138 1648 5197 itane
1662 5138 1813 5209 sequebatur
1831 5139 1852 5187 at

215 5220 317 5290 1111101.
342 5218 459 5275 1111111101
483 5220 579 5291 patior.
594 5218 714 5287 (11111110,
740 5220 973 5277 110110011111111111·
998 5219 1022 5276 0
1073 5231 1262 5299 llaxinrianus
1274 5232 1301 5287 iu
1312 5229 1486 5289 confossione
1495 5248 1554 5304 par,
1568 5232 1596 5301 in
1610 5232 1852 5304 congressionecm·

215 5312 665 5389 11111111111111111111111111,
680 5314 725 5385 111
740 5314 1021 5386 11111011111111·
1074 5326 1181 5393 smnrs,
1197 5328 1223 5382 m
1239 5324 1360 5381 clerone
1372 5326 1516 5396 irrumpens
1531 5326 1652 5397 equalis.
1666 5324 1807 5394 rosrquen
1816 5317 1852 5389 jd·

217 5406 348 5478 1111111111
360 5404 463 5474 babuit,
478 5420 532 5463 11011
543 5415 704 5472 atramenta,
721 5405 1020 5476 1015111110111111111,
1074 5418 1134 5476 nior
1148 5417 1225 5475 Felix
1235 5432 1312 5490 spem
1332 5418 1501 5489 salutemque
1524 5418 1734 5475 Christianarum
1755 5409 1851 5470 domini-

218 5512 275 5555 tlon
288 5498 314 5553 iu
329 5498 428 5556 labuiis
443 5499 568 5571 lapideis,
580 5498 629 5556 seli
649 5499 677 5555 iil
699 5497 797 5555 tabuiis
818 5499 908 5555 cottiis
922 5514 1021 5557 carna·
1074 5526 1136 5569 qum
1150 5511 1405 5583 (symmachumque,
1419 5526 1479 5569 cum
1492 5512 1617 5570 similiter
1626 5512 1706 5570 eliam
1720 5510 1775 5581 ipsc
1786 5502 1850 5562 lusti·

218 5588 301 5645 libus.
316 5590 499 5665 0marryrem
522 5591 590 5663 legis
611 5605 696 5648 sacrm
711 5590 837 5648 idoneum
850 5590 1022 5662 diligentem·
1075 5602 1125 5661 bus
1139 5604 1290 5660 caedererrrp
1304 5622 1312 5661 1
1327 5604 1396 5675 Ego,
1413 5605 1510 5679 inquit,
1521 5605 1619 5663 decom
1634 5614 1723 5662 mente
1735 5593 1849 5659 celebrati

215 5696 272 5753 quc
282 5686 434 5753 custodem,
447 5688 493 5758 qai
506 5687 664 5744 traditorum
679 5686 783 5743 lacinus
798 5686 1020 5761 perhorrescere
1074 5694 1251 5765 dominicum,
1263 5696 1404 5755 collectam
1415 5712 1476 5755 cum
1488 5696 1614 5755 iratribus
1632 5696 1694 5765 ieri,
1708 5694 1765 5768 quia
1776 5688 1848 5748 cluis
