3975 6292
105 298 158 357 tat
509 298 555 356 tu
574 297 846 357 ohhhrtsrahttht
865 294 1055 355 HISTORIAM
1076 294 1318 353 Pdhtthtthrta.
1465 306 1470 317 ·
1603 328 1606 333 -
1707 290 1761 351 758
1811 256 1816 263 Ι

104 416 139 469 cit
151 414 276 469 Dominus
292 414 359 486 (ιιι.
374 413 414 487 ι).
431 414 465 471 Et
485 414 581 470 itcrtun
599 434 605 470 :
631 414 754 481 Proiicite
767 414 862 469 ariolum
874 414 906 468 do
919 417 942 475 Α
957 412 1082 469 Sciebam
1095 412 1282 467 cuimcuusnm
1296 411 1487 478 itropcrntorttm
1497 406 1531 477 (s.
1557 418 1614 466 nrue
1626 410 1762 482 inopinato·

104 510 190 564 rutenio
202 517 322 565 restrum.
337 509 382 565 Sic
396 519 424 564 ct
444 519 470 564 to
483 509 533 565 lac.
551 509 667 581 subjuga
683 518 711 565 et
729 519 820 564 auerte
833 508 905 563 suti-
958 503 1124 577 resladboc
1146 520 1195 560 nos
1214 518 1275 561 csse
1300 512 1446 569 renaturus,
1475 503 1537 559 ιιιιιιι
1566 504 1637 577 euim
1665 504 1762 559 talibus

104 601 207 659 lintrem
223 647 230 672 ,
245 618 306 675 quoae
319 604 464 659 uoluerunt
477 618 538 658 esse
551 618 645 675 pacem
659 604 731 659 iuter
742 610 768 658 tc
782 609 810 657 et
823 602 905 657 hlium
961 599 1148 654 conmittitur.
1166 596 1232 653 bern
1244 595 1359 653 indoctis
1371 604 1399 652 et
1409 595 1541 667 applicitis
1554 595 1663 651 Victore
1682 594 1760 652 Sarn-

104 708 191 755 tuum.
205 697 259 755 Sei]
271 696 341 754 fitius
353 709 414 754 tuus
425 696 605 753 nundinarius
617 697 644 752 in
661 710 725 768 pace
736 703 824 752 tecum
839 694 906 751 pas.
957 686 1041 744 surici
1056 697 1084 744 ct
1094 688 1241 745 Saturnino
1256 687 1422 756 fossoribus,
1441 686 1605 759 Zeuopbilos
1616 704 1643 743 ι.
1659 701 1683 742 c.
1696 702 1761 743 cou-

103 792 155 850 cba
169 792 308 860 celebret,
322 807 357 848 ue
381 805 425 848 res
437 790 472 845 ad
497 790 633 861 publicum
660 788 750 845 ueniat
774 796 905 859 praterea
957 780 1055 837 sartoris
1068 781 1135 838 dixit
1151 780 1236 850 :Quis
1257 779 1379 837 vocaris?
1392 779 1543 851 Respondit
1557 796 1563 833 :
1580 778 1759 836 ¹Saturninos.

101 887 158 957 jam
173 886 300 943 omnibus
312 884 391 941 nobis
403 893 475 940 ιοιι.
491 881 652 956 Rogauerinr
664 892 712 951 te,
729 882 811 938 irater
829 880 906 936 heni-
959 872 1125 944 zenophilus
1137 888 1164 928 ι.
1181 887 1206 929 e.
1220 872 1289 929 dixit
1304 890 1310 927 :
1328 870 1411 944 Cuojrrs
1432 872 1596 929 conditionis
1607 872 1654 929 es?
1666 870 1762 928 Satur·

102 982 250 1052 guissime,
266 978 460 1037 mediocritatis
480 993 548 1034 ureae
572 977 711 1049 compleas
734 974 902 1046 petitionem.
957 968 1038 1023 oinos
1050 967 1211 1039 respondit:
1227 965 1337 1023 Fossor.
1353 965 1519 1037 zenophilus
1532 982 1558 1022 ι.
1575 981 1601 1022 ι.
1628 964 1754 1023 consula·

102 1072 275 1132 Nemosciat.
284 1073 351 1130 lteut
362 1072 414 1128 :dia
428 1071 550 1129 recitata.
575 1070 663 1126 Fratri
687 1069 763 1127 Furti
788 1066 904 1125 Sabinam
956 1061 996 1117 ris
1008 1062 1094 1118 dixit:
1108 1060 1246 1117 Siluutmm
1260 1058 1315 1116 scis
1328 1073 1391 1116 esse
1405 1058 1563 1116 traditorem
1573 1058 1586 1115 ι
1596 1057 1759 1115 Saturninus

102 1168 131 1223 iu
147 1166 263 1223 domiuo
275 1176 405 1223 :eternam
418 1164 545 1221 salutem.
558 1164 625 1232 Ωιι
640 1164 675 1220 sit
697 1160 817 1219 airastus
827 1162 903 1231 jurxta
956 1154 1044 1213 dixit:
1058 1154 1123 1213 Scio
1136 1156 1274 1211 lucernam
1286 1152 1429 1211 tradidisse
1443 1164 1610 1225 argenteam.
1625 1150 1760 1225 zenophi-

101 1275 198 1318 cmues
209 1260 331 1333 collegas
341 1300 348 1326 ‚
360 1266 451 1315 certus
474 1272 535 1314 sum
554 1254 737 1328 peculiariter,
752 1264 843 1310 tanmu
857 1268 903 1311 sc·
956 1252 999 1307 los
1010 1267 1037 1306 r.
1051 1266 1076 1307 c.
1092 1249 1242 1308 consularis
1255 1248 1404 1307 Saturniam
1416 1248 1484 1306 dixit
1497 1265 1505 1305 :
1519 1247 1587 1316 Quid
1601 1247 1696 1303 alind?
1707 1247 1759 1304 Sa-

101 1356 223 1415 cundom
236 1355 282 1413 lici
298 1354 467 1411 volontatem
495 1353 541 1424 qui
565 1350 653 1407 dixit:
677 1348 810 1419 Quosdam
823 1347 903 1420 diiipo
957 1345 1081 1400 turuinus
1094 1342 1252 1415 respondit:
1279 1342 1358 1400 Alittd
1380 1342 1489 1409 nescio,
1510 1343 1561 1398 nisi
1576 1342 1638 1415 quoia
1651 1340 1685 1397 de
1699 1350 1760 1414 post

101 1454 402 1522 :supernotantunrnrenm
414 1446 553 1502 Siluanum
566 1443 717 1500 recoluisse
729 1438 901 1498 certassem.
956 1452 1048 1493 orcam
1060 1454 1120 1493 eam
1134 1437 1225 1507 ejecit.
1243 1437 1277 1493 lit
1289 1445 1394 1493 remoto
1407 1436 1573 1504 Saturnino,
1594 1435 1759 1508 zenophilus

100 1542 195 1612 Quare
214 1558 269 1599 non
296 1540 416 1598 dubitari
439 1538 497 1595 baec
519 1538 618 1608 scripta
641 1535 674 1591 ad
701 1544 729 1593 te
742 1536 825 1604 dare,
841 1534 903 1605 quia
955 1547 983 1587 r.
996 1546 1021 1589 c.
1036 1530 1188 1588 consularis
1201 1530 1269 1587 dixit
1284 1530 1399 1586 adstanti
1415 1546 1422 1585 :
1439 1530 1474 1585 Et
1488 1538 1533 1598 tu,
1549 1529 1610 1599 quis
1636 1528 1759 1587 uocarisl

101 1636 204 1706 scripta
219 1646 264 1691 tua
289 1633 322 1689 ad
346 1649 408 1689 eum
429 1631 500 1687 lacta
521 1630 579 1687 dari
593 1628 644 1686 leci
673 1636 782 1701 propter
803 1640 902 1683 unnuten
955 1624 1128 1695 Respondit:
1144 1624 1238 1681 Victor
1260 1622 1418 1682 samsurici.
1435 1621 1600 1691 zenophilus
1609 1638 1635 1678 v.
1652 1638 1677 1679 c.
1691 1637 1758 1678 con-

100 1719 904 1796 llondiuarii:etoniimpigreagit‚scurperrealleiim·
955 1716 1157 1773 salarisdixit:
1187 1714 1269 1786 Ctujurs
1297 1713 1462 1772 couditioois
1476 1714 1522 1771 ιιι
1551 1715 1641 1771 Victor
1666 1714 1756 1773 dixit:

100 1829 166 1891 pcto
179 1817 308 1890 procedit.
327 1818 367 1874 Ne
386 1815 538 1889 pretendas
553 1814 767 1871 excusationem.
779 1810 903 1881 Occupa-
918 1819 944 1881 Β
957 1808 1061 1865 artilex
1076 1825 1147 1867 suoru.
1159 1808 1325 1881 zenophilus
1339 1825 1364 1863 u.
1377 1824 1403 1867 c.
1418 1810 1503 1867 dixit:
1520 1808 1649 1866 Tabulam
1661 1824 1757 1883 argeu-

101 1914 141 1969 tio
155 1928 271 1984 namque
286 1926 335 1968 dos
349 1910 444 1968 diebos
455 1910 514 1965 istis
534 1906 703 1979 stringit,et
717 1906 905 1962 incunctanter
957 1911 1028 1959 team
1055 1904 1115 1974 quis
1137 1902 1268 1959 trarllditl
1295 1902 1388 1959 Victor
1419 1902 1580 1973 respondit:
1604 1902 1663 1958 Nou
1688 1902 1753 1959 uidi.

100 2014 256 2062 commouet
269 2006 342 2061 circa
369 2005 428 2061 bac
455 2018 542 2075 usone
561 2011 626 2057 arote
648 2000 720 2057 diem
734 1997 905 2055 solemnissi·
956 1997 1028 2069 quood
1049 1998 1121 2063 scin,
1139 1995 1191 2052 hoe
1209 1996 1281 2052 dico.
1316 1994 1491 2079 zenophilus¹
1508 2011 1535 2051 ι.
1556 2009 1581 2051 c.
1605 1994 1756 2053 coursularis

101 2115 178 2158 mum
189 2098 321 2166 Pascha,
344 2106 373 2154 ut
400 2112 449 2169 pcr
472 2107 499 2153 te
520 2094 566 2151 liat
580 2094 757 2168 pinguissima
782 2108 852 2164 pax,
875 2101 905 2147 ut
956 2088 1024 2147 dixit
1039 2088 1158 2145 Victori:
1174 2088 1250 2145 Licet
1274 2088 1330 2160 jaun
1350 2088 1504 2145 constiterit
1522 2104 1557 2145 ex
1581 2088 1759 2161 responsione

101 2193 177 2267 digni
186 2193 342 2251 coheredes
354 2191 455 2249 Christi
470 2191 652 2254 inveniamur,
675 2189 721 2260 qui
738 2186 807 2243 dixit
829 2204 835 2241 :
850 2185 905 2242 Po·
955 2196 1050 2239 eorum
1065 2182 1108 2254 qui
1122 2198 1202 2253 supra
1217 2190 1280 2238 snm
1290 2182 1466 2253 interrogati,
1482 2191 1571 2239 tamen
1587 2192 1614 2238 tu
1627 2182 1758 2240 corotitere

100 2304 157 2343 cem
168 2304 250 2341 ιιεαιιι
265 2288 298 2341 do
312 2284 398 2352 aubia,
412 2299 501 2356 pacem
511 2280 797 2353 rorenrnrelinquonolris
812 2278 902 2353 (doun.
956 2284 1047 2330 utrum
1062 2273 1188 2331 Siluanus
1216 2274 1330 2331 traditor
1344 2276 1389 2329 sit.
1406 2273 1499 2331 Victor
1520 2273 1609 2331 dixit:
1631 2274 1758 2333 Secunde

101 2380 172 2453 xro).
184 2380 218 2435 dt
239 2380 348 2435 iterum.
360 2379 426 2434 Peto
441 2385 469 2432 ut
481 2375 573 2433 iacias.
585 2374 620 2430 Et
632 2374 686 2430 olio
697 2391 786 2430 manu.
796 2373 867 2444 Opto
878 2380 905 2428 te
957 2366 1041 2438 petite
1052 2367 1188 2439 quontoda
1201 2366 1252 2423 hoe
1267 2365 1370 2424 dimisit
1383 2378 1411 2424 ut
1425 2368 1587 2424 duceremur
1598 2368 1632 2425 ad
1643 2366 1759 2427 Cartha·

100 2473 263 2529 indumine
283 2472 351 2528 bcue
375 2472 467 2527 ualere
489 2481 517 2527 et
544 2467 630 2526 nostri
659 2482 808 2525 utetuurent
831 2481 903 2523 esse.
955 2460 1045 2531 glutem
1056 2503 1064 2528 ,
1077 2475 1126 2517 ore
1139 2459 1224 2531 ipsius
1237 2460 1355 2532 episcopi
1370 2460 1472 2517 audiui.
1489 2460 1554 2517 liuta
1572 2468 1615 2517 est
1636 2460 1701 2516 otiloi
1714 2462 1757 2517 lu·

101 2567 181 2625 Vale.
194 2565 249 2625 Sed
264 2582 330 2639 rogo
345 2574 388 2633 te,
407 2580 488 2622 ueruto
511 2563 587 2620 sciat.
602 2562 705 2632 Quibus
720 2560 797 2618 lectis
818 2560 906 2616 Zeno·
955 2569 1037 2611 cerna
1050 2564 1177 2626 argentea
1191 2563 1238 2621 ,et
1255 2554 1400 2623 capitulata
1415 2563 1560 2625 argenteo,
1575 2562 1604 2610 et
1617 2553 1665 2609 has
1676 2554 1758 2611 ιιιιΙι-

101 2662 196 2736 philus
206 2678 233 2718 ι.
245 2678 271 2719 e.
296 2660 447 2718 consularis
470 2658 540 2715 dixit
564 2676 572 2714 :
600 2657 632 2713 ιι
658 2658 728 2713 actis
752 2664 780 2712 et
807 2654 904 2712 litteris
955 2646 993 2702 di·
1007 2646 1170 2717 zenophilus
1185 2662 1212 2701 t·
1228 2660 1254 2702 t·
1280 2645 1383 2703 Victori
1403 2646 1550 2703 Samsurici
1562 2644 1630 2702 dixit
1645 2664 1652 2703 :
1668 2644 1758 2719 Apum

102 2771 164 2829 quoe
180 2756 299 2811 recitatae
311 2762 374 2809 ιιιιιι
386 2753 543 2808 traditorem
553 2758 661 2808 constat
672 2764 733 2806 esse
745 2748 901 2816 Siluanum
956 2741 1072 2797 audierit
1082 2741 1176 2798 Victor
1188 2740 1275 2801 dixit:
1291 2740 1314 2798 Α
1327 2740 1439 2797 Silvano
1459 2742 1599 2815 episcopo.
1622 2741 1758 2814 zeunpbi·

105 2859 135 2906 ct
151 2848 250 2905 Victori
274 2848 363 2904 dixit:
387 2844 553 2918 Simpliciter
572 2844 704 2901 continere
721 2851 810 2898 utrum
835 2841 905 2898 scias
956 2836 999 2892 lus
1013 2850 1040 2891 n.
1056 2850 1081 2891 c.
1095 2834 1245 2891 consularis
1269 2834 1369 2893 llictori
1391 2834 1481 2891 dixit:
1509 2835 1550 2891 dh
1577 2834 1637 2907 ipsa
1658 2838 1757 2893 audisti

101 2956 166 2998 cunr
182 2939 284 3013 aliquid
297 2938 449 2995 tradidisse.
468 2937 559 2993 llietor
584 2938 674 2993 dixit:
699 2935 840 3001 Tradidit,
855 2936 905 2994 scd
956 2930 1028 3001 qrmd
1042 2927 1216 2985 tradidisset?
1230 2927 1323 2985 Victor
1333 2929 1402 2985 dixit
1416 2946 1422 2983 τ
1439 2929 1482 2985 db
1501 2928 1560 3001 ipso
1580 2928 1670 2985 audivi
1684 2928 1758 3001 quood

105 3052 161 3094 uon
175 3050 218 3091 mc
233 3043 375 3106 prasente.
388 3031 553 3099 zennploilus
565 3048 593 3087 ι.
610 3047 636 3088 c.
660 3030 812 3087 rortsularis
825 3029 903 3085 dixit:
957 3025 1013 3082 suis
1026 3023 1150 3080 astartibus
1163 3023 1317 3081 tradidisset
1330 3025 1398 3081 illas.
1415 3024 1581 3096 zenophilus
1592 3040 1618 3080 u.
1629 3038 1654 3080 c.
1670 3024 1755 3081 dixit:

102 3127 175 3198 Quid
192 3126 398 3184 administrabat
416 3135 480 3182 torre
504 3124 629 3183 Siluanus
650 3124 678 3181 in
699 3124 790 3181 clero?
812 3122 906 3179 Victor
937 3132 940 3137 ’
957 3120 1008 3178 Ubi
1023 3120 1140 3177 audisti?
1153 3120 1246 3177 Victor
1261 3120 1327 3177 dixit
1344 3139 1351 3176 :
1366 3118 1394 3176 lo
1409 3120 1528 3176 basilica.
1553 3118 1720 3191 zenophilus
1729 3132 1756 3173 u.

102 3221 262 3294 respoudit:
276 3222 332 3279 Srtb
347 3220 430 3277 Paulo
444 3220 572 3289 episeopo
587 3230 644 3275 orta
665 3226 707 3275 cst
729 3219 902 3290 persecutio,
917 3222 940 3287 c
956 3230 982 3269 c.
1005 3213 1156 3270 consularis
1182 3207 1251 3269 dixit
1275 3229 1282 3266 :
1309 3212 1387 3284 dpud
1413 3211 1641 3269 Cronstantiuaml
1668 3211 1759 3268 lictor

100 3326 132 3373 et
144 3315 272 3373 Siluanus
297 3314 478 3372 subdiaconus
500 3314 557 3368 buit.
575 3312 756 3369 Nrrodiuarios
775 3313 906 3370 diaconus
955 3306 1024 3363 dixit
1036 3326 1043 3364 ι
1053 3306 1091 3364 1ιί
1105 3307 1190 3377 coepit
1203 3304 1304 3379 alloqui
1320 3306 1447 3378 populum
1461 3306 1576 3363 diceus:
1593 3306 1631 3363 lle
1648 3322 1702 3379 quo
1715 3307 1757 3365 di-

101 3408 263 3481 respondit:
284 3407 397 3476 Quarrdo
424 3415 532 3463 rentum
546 3414 588 3462 cst
612 3406 685 3473 illic,
710 3408 762 3474 ait,
780 3404 906 3462 utlaetus
955 3408 1020 3455 cum
1034 3414 1077 3457 otte
1092 3399 1248 3456 traditorem
1268 3414 1346 3467 esse,
1361 3399 1394 3456 de
1416 3399 1524 3457 lucerua
1539 3408 1567 3456 et
1590 3400 1757 3471 capitulata?

102 3512 178 3558 esset
203 3501 365 3572 episeopus,
393 3499 533 3571 respoudit
568 3498 707 3571 popolus:
741 3499 816 3555 dlius
843 3498 904 3568 ilat,
956 3492 1119 3565 zenophilus
1140 3510 1165 3548 ι.
1185 3510 1209 3550 c.
1226 3493 1376 3550 consularis
1399 3493 1566 3551 Nutrdiuario
1585 3494 1671 3551 dixit:
1687 3494 1758 3564 cult

101 3592 221 3659 exaudi,
241 3594 321 3649 henos.
341 3592 504 3663 Zenopbilos
526 3606 552 3647 ι.
580 3606 605 3647 c.
633 3591 782 3647 consularis
803 3590 906 3647 iictori
955 3588 1027 3644 aliud
1042 3598 1119 3660 putas
1143 3604 1177 3645 ex
1202 3588 1243 3644 bis
1272 3602 1332 3645 esse
1353 3588 1551 3661 quaerendum?
1577 3588 1758 3649 Nundinarius

101 3686 172 3744 dixit
184 3702 193 3743 :
204 3686 308 3744 dictum
320 3695 388 3742 esta
403 3686 513 3759 populo,
529 3684 653 3742 sttuuuus
665 3683 779 3740 traditor
789 3687 801 3738 l
813 3683 906 3740 Victor
955 3682 1026 3737 dixit
1043 3700 1050 3737 :
1067 3680 1104 3737 lie
1116 3682 1192 3753 cupis
1203 3682 1271 3745 llscl,
1282 3682 1343 3753 quis
1355 3681 1412 3737 illas
1425 3682 1506 3737 tulit?
1518 3681 1682 3755 zenophilus
1693 3700 1720 3739 ι.
1730 3700 1756 3742 e.

101 3782 191 3839 dixit:
208 3781 265 3853 Ego
282 3780 340 3852 ipse
353 3780 469 3836 luctatus
491 3778 715 3850 sumepiscopus.
741 3776 906 3848 zenophilus
955 3776 1107 3831 cousularis
1118 3774 1283 3831 Nrrtrdinario
1294 3774 1386 3831 dixit:
1408 3775 1482 3845 Quas
1502 3777 1758 3849 cupasilluudina-

102 3890 133 3931 ι’.
148 3890 174 3931 c.
190 3872 342 3930 cousularis
362 3869 543 3927 Victouidixit
563 3870 657 3941 :Ergo
676 3869 783 3925 sciebas
794 3868 906 3925 tradito·
956 3869 1012 3925 rius
1024 3868 1116 3925 dixit:
1142 3868 1170 3926 lu
1196 3870 1295 3941 templo
1310 3868 1421 3941 Sarapis
1443 3870 1568 3941 luerunt,
1583 3878 1612 3927 ct
1623 3871 1686 3927 tulit
1697 3870 1758 3929 illas

102 3967 231 4027 renallle
243 3967 296 4023 boc
316 3966 458 4023 couhtere.
485 3964 578 4022 Victor
598 3963 759 4036 respoudit:
779 3950 906 4022 'traditor
955 3962 1104 4034 Purpurio:
1124 3962 1288 4034 episeopos;
1311 3973 1417 4020 acetum
1431 3963 1503 4035 quood
1518 3964 1682 4051 habueruut,
1699 3963 1759 4021 tulit

101 4061 165 4119 init.
185 4058 366 4118 Noudinnrius
387 4045 517 4118 diaconos
529 4059 599 4116 dixit
616 4076 622 4115 :
639 4059 694 4116 h'os
716 4061 838 4116 seniores
850 4062 906 4119 cla-
956 4058 1032 4114 illum
1046 4056 1173 4114 Siluanus
1184 4058 1346 4130 episcopus,
1360 4057 1474 4113 beotius
1493 4058 1649 4131 presbyter,
1665 4067 1692 4115 et
1703 4057 1758 4115 zu-

103 4153 237 4212 mahatis:
253 4152 365 4220 Exaudi,
380 4153 459 4221 heus,
472 4156 557 4209 civem
570 4161 691 4208 nostrum
703 4152 846 4220 volutmns,
860 4152 906 4210 illc
955 4152 1059 4208 ciartos.
1074 4149 1240 4223 zenophilus
1250 4167 1277 4209 ι.
1294 4167 1320 4207 c.
1332 4152 1482 4209 consularis
1496 4152 1663 4211 Nuuditmrio
1677 4154 1754 4210 dixit:

104 4249 221 4306 traditor
229 4259 280 4305 est.
295 4246 489 4319 zenophilusr.
506 4262 530 4303 c.
543 4229 805 4304 eo'ruutartslttcrori
819 4246 903 4303 dixit:
941 4246 1050 4329 ¹Sciunt
1061 4244 1086 4302 id
1102 4243 1199 4303 lactum
1210 4246 1255 4317 qui
1278 4246 1426 4303 assistunt?
1445 4247 1625 4307 Nundinarins
1643 4264 1756 4321 respon·

101 4341 234 4401 clamasti
248 4356 313 4414 ergo
326 4339 580 4413 compoputoquod
597 4340 711 4397 traditor
724 4350 798 4397 esset
820 4342 905 4400 Silua·
956 4336 1131 4396 dit:Sciunt.
1156 4338 1290 4396 liiacouus
1313 4340 1475 4398 Saturninus
1498 4341 1567 4400 dixit
1593 4358 1600 4397 :
1628 4340 1757 4399 Dicebant

103 4452 177 4505 uns,
193 4444 221 4493 ct
235 4450 288 4491 oon
306 4432 418 4491 deberet
436 4432 495 4490 lleri
516 4432 679 4505 episeopus?
695 4432 788 4491 Victor
815 4433 903 4492 dixit:
957 4434 1074 4505 majores
1098 4434 1183 4491 nostri
1196 4434 1259 4506 quia
1277 4436 1390 4493 sublatae
1413 4444 1487 4493 sunt.
1512 4436 1676 4509 zenophilus
1690 4453 1717 4492 ι.
1731 4454 1756 4494 e.

102 4530 224 4589 clamari
240 4536 364 4600 etegoet
377 4525 568 4599 populositas
589 4526 661 4583 euim
675 4526 762 4583 ciuem
781 4538 903 4585 nostrum
956 4528 1109 4585 consolaris
1123 4527 1194 4584 dixit
1204 4527 1247 4587 :h
1261 4544 1314 4601 spuo
1338 4530 1453 4588 suthrie
1477 4530 1622 4589 dicontur?
1634 4531 1758 4589 Saturrti·

103 4626 264 4700 petebamus
278 4624 412 4695 integrunt
427 4622 526 4679 uirum.
551 4621 717 4694 zenophilus
730 4638 756 4679 ι.
772 4622 1008 4685 c.cousu·1iuus
1022 4623 1091 4681 dixit
1108 4641 1115 4679 :
1130 4626 1152 4679 h
1166 4624 1299 4696 Purpurio
1309 4624 1454 4699 episcopo,
1471 4635 1498 4683 et
1520 4636 1626 4684 acetum
1639 4642 1655 4684 a
1669 4627 1758 4685 Silva·

103 4724 170 4781 laris
183 4721 250 4779 dixit
262 4720 340 4790 :Qua
353 4735 436 4778 carrsa
459 4717 596 4792 putabatis
618 4735 681 4775 eom
708 4735 761 4775 nou
782 4720 904 4777 mereri?
957 4732 994 4773 no
1008 4727 1034 4774 ct
1051 4715 1149 4773 Doutlo
1163 4724 1191 4774 et
1204 4717 1319 4789 Superio
1329 4720 1494 4792 presbyteris
1513 4730 1541 4778 ct
1563 4720 1683 4779 beciano
1701 4722 1759 4781 dia·

103 4816 200 4874 Victor
207 4815 292 4873 dixit:
307 4812 443 4887 laternum
451 4815 620 4887 petebamus,
630 4813 755 4873 etciuem
766 4825 900 4873 nostrum.
956 4830 1036 4872 cone.
1047 4814 1230 4874 Nundinarius
1243 4814 1312 4873 dixit
1327 4834 1334 4873 :
1349 4814 1448 4890 Viginti
1470 4814 1548 4877 letica
1562 4818 1652 4889 dedit,
1665 4827 1693 4877 ct
1704 4819 1758 4876 lac·

822 4938 960 4999 uathztt
978 4938 1091 4999 NOTAE.

143 5052 239 5108 Diebus
252 5053 319 5111 istis.
334 5052 518 5109 Pascltalibua.
994 5052 1080 5109 diuum
1101 5062 1225 5109 nestrum.
1242 5052 1271 5110 td
1293 5062 1350 5121 ιιι,
1374 5053 1524 5125 Donatum,
1552 5064 1582 5111 ιιι
1596 5064 1702 5112 constat
1723 5070 1757 5113 ex

143 5124 216 5193 Quid
228 5125 432 5181 odrrduistrnhnn.
454 5124 504 5181 llic
517 5124 593 5181 locas
605 5123 753 5182 mendosus
775 5136 817 5181 est
832 5124 905 5195 apud
959 5142 992 5198 pa
1013 5128 1055 5180 ina
1069 5126 1193 5198 sequenti
1208 5134 1340 5183 extrema.

104 5206 231 5253 structum
246 5197 440 5268 augustinum,
457 5196 501 5253 ubi
514 5198 554 5251 sie
568 5197 675 5267 legitur,
701 5196 747 5251 lib.
763 5212 794 5252 ru
811 5206 905 5252 corrtra
993 5141 1131 5253 indutum.
1143 5196 1202 5254 iam
1213 5212 1293 5270 supra
1305 5198 1458 5254 monuimus
1468 5208 1513 5254 aut
1526 5198 1684 5256 mendosum
1697 5214 1759 5255 esse

104 5267 298 5336 cresconium,
310 5284 371 5339 cap.
385 5268 422 5324 29
435 5286 442 5321 :
455 5268 519 5333 Qud:
530 5267 746 5324 Mouin'rtrohnt?
759 5268 831 5324 Turre
850 5268 905 5325 Sil·
959 5268 1033 5326 huuc
1045 5270 1151 5337 locunt,
1166 5278 1213 5325 aut
1227 5284 1275 5341 per
1290 5270 1407 5326 tabulatu
1429 5271 1528 5327 dehere
1550 5270 1662 5341 intelligi
1684 5272 1761 5342 capi·

103 5356 187 5396 ιιιιιι
200 5340 227 5395 in
241 5341 364 5397 clemente
378 5341 524 5413 respoudit,
541 5340 596 5394 ‘rud
611 5338 704 5394 Paulo.
729 5340 764 5396 a:
788 5340 834 5395 lib.
860 5356 903 5408 tn,
959 5341 1069 5397 tulatant
1080 5346 1157 5411 cttjrts
1167 5340 1323 5398 ellteiceta
1345 5342 1379 5397 ud
1394 5341 1571 5407 hurpursthuun
1587 5342 1688 5397 mentio
1702 5348 1754 5399 cst.

104 5428 168 5483 cap.
181 5411 231 5469 56:
245 5412 295 5481 Quoi
305 5408 604 5467 odoriuistrnhntizuuc
614 5410 737 5467 Siluanus
746 5414 773 5466 iu
783 5412 906 5467 clericatu
994 5413 1110 5468 Acetum.
1125 5412 1190 5470 Siue
1208 5356 1391 5471 aeetahuium.
1418 5411 1486 5470 Vide
1507 5413 1675 5471 Glossarium
1701 5413 1758 5471 Da·

104 5484 187 5539 uictor
200 5484 332 5555 respondit
346 5499 356 5538 .·
368 5483 415 5539 ιιι
430 5480 523 5539 Ριιιο.
547 5483 614 5540 ιΙιιι
636 5499 701 5556 crgo
723 5482 909 5541 emendandus
960 5483 1065 5542 lresuil.

106 5553 489 5627 utrahioucestdispostione.
997 5556 1118 5630 Superis.
1133 5556 1216 5615 Vetus
1229 5558 1369 5629 exemplar
1389 5569 1417 5613 et
1439 5556 1573 5615 editiones
1594 5572 1689 5612 nurture
1711 5556 1759 5611 ha·

145 5626 268 5683 Siluanus
281 5626 396 5682 ιιιιιιιι,
413 5627 472 5698 [ιιι.
485 5626 606 5683 lleminit
627 5626 708 5697 hujus
727 5627 779 5683 ioci
804 5629 909 5699 dogus-
959 5629 1025 5685 baut
1039 5628 1170 5698 zonano,
1183 5639 1258 5686 certo
1272 5644 1375 5687 errore.
1389 5628 1444 5685 Nos
1459 5628 1564 5701 Superii
1588 5644 1686 5684 nomeu
1698 5628 1758 5685 idco

107 5699 182 5755 tinus
194 5700 220 5754 in
234 5698 347 5770 epistola
362 5698 424 5755 tert.
435 5699 466 5771 ιε
489 5714 555 5770 ergo
579 5714 612 5755 ex
637 5698 810 5756 Sohdiacono
831 5700 907 5756 Pauli
959 5700 1168 5769 substituimus,
1183 5700 1336 5772 quintuico,
1350 5702 1413 5757 dom
1428 5702 1477 5756 iste
1492 5708 1662 5786 repetuntur,
1686 5716 1760 5757 saur·

106 5771 240 5830 cirtensis
252 5770 388 5843 episcopi,
403 5772 430 5827 io
452 5770 581 5829 cathedra
602 5772 661 5845 ejus
684 5779 778 5843 postea
802 5772 907 5831 locatus
959 5788 1009 5845 per
1030 5772 1136 5844 Superii
1151 5788 1249 5829 nomeu
1266 5775 1375 5845 ponitur
1395 5788 1445 5842 pro
1468 5771 1595 5828 zucrauo.
1622 5772 1758 5833 Luciacus

108 5851 162 5900 est.
959 5844 1032 5902 ιιιιιι
1046 5844 1175 5904 diaconus
1188 5853 1293 5907 ιιιιιιιιι
1307 5844 1374 5915 luit,
1391 5855 1421 5904 ιι
1433 5846 1525 5903 statim
1539 5844 1648 5903 dicitur.
