3975 6292
134 242 179 299 idi

134 351 347 413 excubationibus
357 348 497 420 lionorari,
512 366 567 409 uon
580 363 768 410 consummato
778 335 917 421 isa'acper·
933 347 959 408 A

133 450 189 506 lacti
203 447 324 520 martyrii
338 449 450 503 paritius
470 456 630 504 cunctorum
645 464 727 505 aures
751 448 919 521 impleverat.

134 541 172 598 tid
185 540 258 611 cuins
275 552 375 611 corpus
396 540 524 597 universa
537 542 666 597 omninno
687 540 841 597 fraternitas
854 542 921 597 lactis

133 634 249 691 cursibus
264 642 469 703 properaverat,
484 629 657 705 quibuscum
671 634 810 705 sepultura
826 645 923 705 corpo·

133 730 197 785 risa
216 727 387 783 carruilicibns
407 736 570 798 negaretur,
596 726 727 783 excubias
748 739 860 793 amares,
888 738 923 782 ue

132 821 292 878 iubumatum
307 831 405 892 eorpus
429 818 609 890 abjiceretur,
626 834 687 873 cunt
704 832 798 889 magua
819 816 924 874 exulta·

134 916 202 970 tiaue
224 922 378 978 tenuerunt.
409 914 465 970 illle
493 922 547 970 tcta
574 914 618 970 die
645 926 706 969 cuna
727 920 807 968 ntuete
832 909 924 982 popuii

134 1008 334 1080 lrionrpbantes,
350 1007 470 1079 psobms
485 1008 603 1081 ltyuuuuuis,
623 1005 738 1063 cronicis
757 1008 784 1061 in
801 1006 922 1061 testimo·

132 1104 201 1158 tritam
218 1102 323 1158 cunctis
337 1102 432 1173 gloriae
447 1101 552 1158 Domini
567 1102 748 1160 decantabant
765 1120 772 1154 :
795 1106 822 1155 et
836 1098 925 1155 onuuais

132 1201 193 1251 actas
215 1206 247 1248 ac
269 1205 354 1249 sexus
375 1194 509 1250 iuteresse
532 1194 613 1248 tantis
636 1193 863 1265 gratulationibus
883 1208 927 1247 ar·

130 1288 201 1345 dcuti
219 1286 367 1358 cupiditate
386 1288 549 1359 gaudebant.
575 1287 661 1355 Quale
684 1288 734 1343 luit
762 1285 843 1353 istud,
873 1284 927 1341 ira-

132 1395 200 1452 tres,
222 1382 294 1455 quod
324 1384 455 1439 Dominus
478 1384 535 1439 suis
550 1381 716 1455 martyribus
735 1381 769 1437 ad
795 1380 926 1437 bonorem

131 1478 252 1549 digitales
264 1488 307 1533 ast
320 1493 477 1549 proeurme
493 1486 525 1533 ot
545 1490 613 1533 xrrn
628 1475 743 1531 iiaieud.
759 1474 928 1551 Septembris

132 1570 173 1627 die
185 1570 301 1627 sabbato
314 1569 348 1624 ad
367 1570 453 1626 instar
463 1568 576 1625 Pascluae
592 1569 795 1638 permitteretur
814 1566 929 1636 populns

549 226 597 295 ab
617 234 886 297 bonartsaautttt
905 230 1092 293 ntsbobtbtt
1113 229 1355 295 PERTINENTIA.

1719 230 1773 291 '182

973 350 1068 409 berctus
1078 352 1111 409 de
1121 353 1235 409 summis
1248 350 1362 409 cumulis
1372 348 1406 407 ad
1416 347 1543 407 iuferiora
1554 350 1681 423 rapientia
1693 364 1770 411 uasto

973 448 1072 519 impetn
1098 448 1293 505 descendentes
1316 446 1349 503 ad
1373 446 1504 517 turudum,
1530 456 1557 505 et
1581 452 1770 521 tempestiuum

972 557 1048 597 marc
1063 540 1096 598 de
1111 539 1282 597 interioribus
1297 541 1434 612 repulsum
1455 550 1547 613 cgesto
1563 542 1659 613 potiori
1673 544 1771 601 iterum

973 636 1107 694 citabatur
1129 638 1280 709 parturiens
1295 636 1417 693 membra
1431 646 1601 706 structorum,
1624 638 1710 695 donce
1724 640 1773 695 im-

975 732 1095 801 pulsibus
1118 728 1218 801 rapidis
1230 727 1362 786 undarum
1386 728 1464 785 turbo
1483 730 1627 803 depressos
1641 741 1774 789 artusex·

975 824 1075 891 cussit,
1099 831 1126 877 et
1150 825 1310 878 immensum
1325 820 1431 893 pondus
1459 822 1587 890 eliciens,
1616 825 1774 896 corporibus

975 918 1060 989 raptis
1086 916 1172 971 vicitur
1197 914 1305 971 tandem
1335 914 1432 971 berctus
1466 918 1561 973 etarsit.
1596 918 1775 989 Erigebantur

977 1008 1088 1083 proinde
1102 1010 1245 1066 uioletutius
1259 1011 1359 1067 curuuuli
1382 1012 1504 1067 solidatis
1520 1030 1650 1086 :uquarum
1675 1016 1775 1071 attenti-

977 1101 1027 1158 bus
1039 1104 1146 1170 elevati,
1159 1115 1187 1158 ut
1197 1102 1338 1175 congeries
1351 1106 1509 1177 ctutuglobata
1524 1109 1645 1163 securius
1659 1122 1776 1165 onerosa

978 1198 1097 1253 itteunbra
1112 1196 1292 1267 subreberet,
1308 1214 1341 1253 ne
1356 1200 1425 1255 uicta
1439 1201 1535 1256 iterum
1551 1202 1737 1268 laborassent,
1750 1208 1778 1259 ei

978 1290 1029 1345 sub
1043 1289 1168 1345 adunatis
1182 1288 1300 1361 undique
1323 1291 1439 1347 molibus
1456 1291 1542 1363 pelagi
1558 1292 1627 1349 lacta
1643 1292 1778 1350 testudine

981 1382 1117 1453 pugnabat
1132 1380 1201 1438 unda
1218 1398 1277 1436 cunr
1294 1382 1430 1452 ponderc;
1447 1399 1480 1440 nc
1503 1386 1578 1440 atteri
1594 1386 1714 1443 violento
1729 1400 1778 1443 va-

980 1474 1033 1528 lida
1048 1476 1129 1530 tutaris
1143 1482 1216 1546 terga
1231 1474 1369 1546 corutigere
1384 1472 1511 1545 aperiret.

1017 1566 1070 1622 Sed
1085 1568 1174 1621 adbttc
1186 1568 1306 1622 restabat
1319 1568 1431 1624 alterius
1445 1568 1543 1626 laboris
1556 1583 1624 1641 opus
1637 1570 1740 1627 scilicet
1753 1578 1782 1626 ct

131 1663 235 1733 rigilias
250 1662 403 1719 celebrare.
421 1661 466 1718 Sic
479 1676 547 1733 ergo
561 1670 740 1731 peractusest
754 1658 863 1725 disset
875 1672 930 1713 nox
981 1674 1133 1727 certamen,
1159 1670 1189 1716 ut
1211 1660 1355 1719 intervallo
1378 1662 1482 1719 lubuito
1505 1664 1651 1731 discretos,
1677 1666 1704 1721 in
1727 1682 1781 1737 qno

130 1758 165 1813 ita
178 1768 339 1827 coursornpta
364 1766 416 1813 est.
432 1756 493 1811 iios
516 1756 565 1811 nbi
584 1752 643 1811 dies
666 1754 737 1810 aiter
751 1764 862 1811 exortus
877 1761 928 1819 cst,
944 1745 969 1813 B
983 1750 1125 1824 quinquies
1139 1768 1221 1810 uuum
1242 1754 1325 1812 celeri
1347 1756 1557 1827 congregatione
1577 1758 1731 1831 colligeret,
1747 1774 1782 1816 no

130 1850 341 1920 exspectabatur
354 1848 499 1919 proconsul
517 1847 581 1919 quid
597 1848 631 1903 de
644 1848 766 1916 corporis
776 1846 931 1901 lrunrationc
983 1844 1100 1899 alienum
1112 1846 1280 1917 saerilegium
1293 1847 1351 1919 ejus
1362 1847 1535 1921 negligentia
1548 1860 1710 1907 remaneret.
1728 1853 1783 1906 liu·

128 1940 268 2011 jussisset,
292 1940 355 2009 quid
379 1940 493 1998 forsitan
507 1942 670 1996 correoderet
683 1941 777 2005 miser,
797 1938 870 2012 qood
884 1953 933 1994 ne-
984 1938 1082 1993 cebaut
1096 1938 1160 1995 bino
1172 1951 1249 2011 aquae
1258 1978 1268 2007 ,
1293 1939 1356 1996 binc
1377 1941 1494 2013 geminis
1507 1942 1633 1999 cornibus
1646 1942 1783 1999 volumina

130 2050 210 2105 gaeso
223 2052 276 2091 uec
290 2030 432 2091 bomicidis
455 2050 505 2090 ncc
526 2034 656 2091 adulteris
670 2034 740 2090 ultus
754 2034 875 2106 judicum
889 2050 934 2089 so·
985 2031 1138 2098 siuuuautia,
1154 2041 1180 2087 et
1195 2033 1252 2102 pari
1275 2032 1384 2089 sibimet
1397 2036 1515 2091 coitione
1528 2034 1655 2091 subrecta
1670 2050 1784 2108 corpora

133 2128 189 2196 iet,
214 2129 268 2185 uisi
291 2146 307 2185 c
332 2137 425 2184 euuuutra
452 2129 611 2185 baalitarum
635 2144 707 2185 saeua
741 2126 874 2198 pernicies
898 2126 935 2183 iul
986 2122 1131 2192 quominus
1156 2122 1285 2180 inhiabat.
1300 2124 1359 2181 dam
1374 2126 1509 2181 vestientis
1521 2142 1649 2183 occursus
1664 2143 1695 2183 ex
1712 2137 1785 2183 utra-

130 2222 302 2281 crudelitatis
331 2224 460 2293 cupienda
488 2223 599 2281 comilis
623 2222 768 2294 vigilarent
785 2223 793 2275 l
820 2232 935 2293 queantur
987 2228 1041 2285 qtae
1054 2230 1186 2273 eorrtmmt
1202 2217 1275 2273 brari
1298 2216 1466 2289 equiperent
1479 2220 1597 2275 medium
1612 2262 1619 2286 ,
1632 2230 1659 2275 et
1674 2229 1787 2292 utraque

131 2315 303 2385 suggestione
325 2316 469 2385 proconsul
485 2324 551 2371 tunc
572 2324 685 2371 coactus
699 2315 851 2386 protinusa
871 2330 935 2369 car-
989 2322 1038 2377 per
1052 2318 1140 2379 partes
1153 2310 1349 2381 propinquante
1359 2320 1493 2369 conuentu
1505 2311 1638 2368 iuterralii
1651 2313 1789 2384 iongitudo

132 2425 194 2465 cere
204 2410 290 2480 jussit
305 2408 405 2480 expelli
426 2410 515 2465 uirum
538 2409 640 2479 pariter
659 2424 720 2465 cum
739 2408 884 2473 detaucto,
910 2413 939 2461 et
989 2400 1151 2459 decrescens
1163 2413 1273 2461 venerat
1285 2404 1312 2459 iu
1328 2414 1469 2476 augustum
1486 2422 1494 2461 c
1509 2420 1570 2461 curu
1583 2406 1666 2463 sentel
1681 2408 1789 2479 utrique

132 2504 243 2558 uruarinis
258 2502 390 2560 ductibus
403 2504 498 2574 mergi,
513 2515 549 2558 ne
560 2502 637 2574 qnasi
652 2502 819 2573 permitteret
835 2515 883 2557 eos
897 2496 939 2555 di·
991 2498 1085 2567 pleuros
1099 2498 1195 2567 spatiis
1209 2499 1341 2569 exemptis
1363 2508 1416 2553 tota
1437 2498 1611 2569 intercapedo
1629 2510 1789 2571 consumpta

129 2598 264 2668 guttatam
276 2597 424 2669 ilartyrnm
436 2597 572 2652 racemi.
989 2598 1050 2655 cst,
1074 2596 1102 2645 et
1123 2588 1239 2645 redactis
1262 2588 1387 2646 ouootbus
1410 2590 1488 2645 sitnm
1503 2590 1675 2647 standarum
1695 2607 1792 2663 eorpo-

167 2692 256 2757 Quam
284 2691 366 2745 stulta
393 2689 631 2759 crudelitasque
649 2702 762 2758 corpora
787 2685 870 2741 volvit
887 2699 938 2739 no·
989 2694 1106 2751 ramoque
1132 2680 1269 2737 celebrata
1294 2681 1439 2738 cotrcordia
1454 2692 1506 2737 est.
1522 2680 1721 2740 obsidebamur
1734 2683 1792 2740 baec

129 2786 196 2841 stris
218 2783 348 2839 manibus
368 2782 513 2853 abnegare,
537 2780 613 2851 quasi
636 2779 837 2835 samsonem
860 2776 940 2832 uobis
991 2776 1072 2847 igitar
1085 2790 1100 2830 a
1115 2775 1437 2853 iratribuslittora,quasi
1451 2776 1507 2847 jana
1520 2778 1622 2834 certius
1637 2778 1792 2835 aduentan-

131 2877 273 2933 demente
289 2884 381 2947 posset
394 2873 521 2929 auferre:
535 2884 581 2929 aut
594 2872 618 2927 si
632 2871 670 2929 iiii
691 2887 745 2929 aton
758 2870 940 2941 sepelirentur
993 2880 1034 2927 tes
1047 2870 1179 2944 Matrtyres
1193 2869 1247 2925 ulia
1264 2872 1429 2941 praecederet
1445 2870 1531 2941 tana,
1548 2881 1575 2929 et
1587 2872 1683 2929 diebus
1704 2873 1793 2929 uncti*

130 2971 158 3026 in
175 2980 269 3035 terra,
286 2982 341 3023 nour
357 2976 467 3039 possent
480 2967 560 3022 aliter
581 2981 664 3037 regua
679 2965 781 3021 intrare
797 2961 941 3020 celestia?
993 2948 1106 3039 puroque
1119 2966 1233 3023 suoliteite
1247 2967 1404 3038 premonita
1417 3006 1423 3033 ,
1436 2965 1533 3023 delicis
1551 2966 1712 3038 owauubbus
1731 2982 1793 3037 spe·

133 3062 186 3119 Sei
199 3062 324 3119 accessit
336 3062 388 3118 illis
403 3058 437 3117 ad
449 3058 587 3117 leiieitatis
607 3068 792 3133 anquirendum,
810 3069 837 3114 ut
850 3068 878 3113 et
895 3056 942 3113 de-
992 3059 1104 3117 rabatur
1119 3058 1190 3131 rptod
1202 3058 1349 3115 credebant
1364 3058 1526 3131 quaudoque
1540 3058 1575 3115 de
1589 3060 1635 3117 bei
1645 3060 1725 3116 salita
1740 3061 1794 3117 uir·

130 3152 294 3223 iuuorctipost
306 3161 416 3210 terrena
428 3150 556 3224 supplicia
571 3169 619 3223 pro
631 3152 738 3209 Christo
752 3152 865 3209 marinis
875 3166 942 3223 quo·
957 3150 980 3217 G
998 3162 1053 3209 tute
1076 3164 1227 3209 venturum.
1251 3153 1318 3210 Cam
1335 3154 1424 3210 subito
1447 3161 1508 3225 post
1523 3154 1564 3211 bis
1580 3162 1671 3211 ternos
1685 3155 1744 3213 dies
1758 3156 1793 3213 ad

128 3246 393 3319 querexationlbns
416 3252 608 3317 quuatcrentur,
624 3262 658 3301 ue
673 3245 744 3301 ullus
760 3246 836 3301 locas
854 3258 942 3299 rema-

129 3352 211 3396 nerct
226 3340 256 3395 in
279 3339 393 3405 orando,
416 3338 462 3393 ubi
485 3354 537 3393 uon
554 3338 693 3393 irriserant
711 3336 859 3392 inimicum.
887 3334 944 3389 lloc

130 3433 187 3489 illis
202 3435 240 3487 ad
255 3432 384 3489 saturnios
409 3431 604 3501 tiirtmpliorum
619 3430 777 3502 prouiderat
792 3428 923 3483 limninus
932 3463 942 3494 ,

130 3540 162 3582 ut
175 3536 204 3583 et
217 3528 246 3583 in
263 3526 362 3595 noqori
378 3524 440 3581 bdib
454 3522 546 3580 sacculi
559 3525 746 3587 laborassent,
763 3530 790 3577 el
805 3522 832 3577 in
848 3519 944 3577 delun-

130 3621 185 3675 ctis
213 3618 380 3691 corporibus
403 3626 493 3688 posset
517 3616 589 3671 sicut
611 3626 639 3671 et
664 3611 691 3671 iu
717 3616 784 3669 riuis
815 3614 944 3670 exbibcrc

129 3711 283 3769 rietatem.
301 3711 437 3766 vetuerant
451 3725 516 3781 crgo
529 3708 563 3764 ad
574 3724 711 3765 carcerem
726 3707 841 3763 militnm
853 3704 943 3764 cuttcti

128 3812 160 3862 et
176 3806 290 3861 trivarii
304 3804 419 3859 fustibus
432 3802 551 3869 onerati,
576 3811 604 3857 et
618 3799 659 3855 uia
674 3798 756 3855 caedis
769 3800 883 3870 popolus
899 3813 943 3853 re·

132 3900 288 3967 pellentes,
304 3904 415 3952 cunctos
429 3911 497 3965 pene
516 3894 635 3951 iecerunt
647 3894 813 3950 vulneratos.
827 3891 944 3947 Taunum

127 3992 208 4049 cuiun
224 3989 326 4049 debuit
340 3990 486 4059 blartyruni
510 3986 631 4059 dignitati
647 3984 777 4052 corucedi,
793 3994 822 4041 ut
834 3998 883 4055 pro
900 3998 945 4039 so·

128 4088 247 4159 prtitora
264 4097 361 4143 crurum
378 4091 548 4140 nuerereutur
562 4091 589 4138 et
603 4082 682 4137 alteri
696 4080 832 4136 conlitcri.
848 4079 944 4135 Postea

130 4181 197 4252 quia
215 4182 266 4235 rix
290 4179 431 4234 raineruut
456 4176 598 4233 trtiiversos
620 4171 764 4230 excludere
789 4170 945 4228 debunt-tuat

130 4278 243 4349 pariter
256 4286 288 4331 et
302 4275 475 4344 superstitem
488 4312 495 4337 ,
509 4274 545 4327 ei
559 4268 674 4341 altoque
698 4266 783 4325 latere
798 4282 851 4322 nou
874 4264 947 4336 paris

131 4373 260 4428 militurn
279 4367 579 4426 barnerusdedocebat.
594 4362 696 4421 belusit
724 4379 754 4419 se
777 4364 884 4420 nescius
896 4363 948 4417 iue-

130 4466 263 4521 ntauitas
277 4475 364 4531 caua,
379 4471 408 4515 ut
420 4462 476 4532 ipsa
488 4458 543 4515 iilis
554 4455 715 4527 praebuisset
726 4456 872 4527 obsequia,
887 4453 947 4525 qui·

998 3246 1152 3318 exemplum
1176 3260 1268 3303 uomere
1286 3246 1390 3301 seilicet
1403 3247 1568 3318 geminatum
1585 3250 1682 3320 ternpla
1695 3249 1796 3307 tibristi

996 3339 1088 3395 ranno
1115 3338 1287 3411 gaudebant,
1319 3347 1347 3394 et
1379 3349 1554 3397 occurrentes
1588 3344 1695 3413 cuncti,
1726 3358 1795 3416 qno·

997 3432 1079 3489 modo
1094 3440 1232 3501 poteraut,
1257 3430 1343 3487 oculis
1364 3433 1517 3487 exsultante
1538 3431 1678 3493 alacritate
1692 3435 1794 3507 pende·

996 3524 1062 3581 itaet
1076 3510 1087 3579 a
1098 3540 1212 3596 quornm
1226 3525 1346 3581 externis
1358 3524 1483 3579 manibus
1498 3534 1588 3596 optata
1602 3530 1721 3585 meutbra
1733 3542 1797 3587 eant

998 3619 1107 3691 tarpeis
1129 3622 1185 3673 suis
1201 3616 1271 3673 nitria
1295 3616 1427 3675 festinans
1443 3618 1516 3675 uelut
1529 3620 1556 3675 in
1569 3620 1698 3691 gaudium
1719 3636 1796 3681 reso·
1895 3688 1899 3696 ,

997 3726 1065 3765 nans
1079 3710 1204 3779 tradidit,
1218 3719 1244 3764 et
1254 3710 1373 3780 compoti
1386 3709 1522 3767 desiderio
1532 3712 1629 3769 derotn
1641 3713 1795 3775 fraternitas

996 3818 1057 3858 curn
1072 3802 1239 3873 amplexibus
1254 3800 1322 3857 laetis
1335 3804 1448 3873 accepit.
1754 3866 1761 3879 ἱ

1034 3895 1079 3951 Sic
1093 3893 1163 3950 beati
1176 3892 1305 3965 blartyres
1316 3894 1484 3964 sepulturam
1494 3895 1610 3953 debitam
1623 3910 1796 3971 receperant,

997 3998 1025 4045 et
1040 3996 1162 4058 optatura
1177 3985 1352 4043 reddiderunt
1366 3986 1492 4045 iratribus
1507 3988 1712 4063 obsequiorum
1724 3994 1797 4053 irus-

999 4091 1065 4138 trata
1086 4081 1212 4137 cbristus
1225 4081 1347 4138 eulribuit
1369 4082 1482 4139 consilia
1496 4083 1686 4153 Traditornm,
1703 4104 1737 4145 ue
1750 4096 1798 4147 ant

998 4173 1131 4246 insepulto
1164 4185 1299 4232 tantorum
1328 4192 1442 4249 corpora
1483 4194 1623 4237 remanere
1658 4184 1797 4253 permitte·

999 4279 1057 4337 ret,
1071 4276 1117 4325 ant
1128 4268 1301 4326 devotionem
1315 4271 1405 4341 populi
1421 4288 1454 4327 ex
1468 4282 1544 4343 parte
1557 4273 1610 4329 nlla
1623 4273 1797 4345 fraudasset,

999 4374 1045 4419 aut
1060 4362 1190 4419 uelandus
1203 4374 1263 4419 ruta
1279 4362 1443 4420 crudelitatis
1458 4364 1572 4435 implere
1584 4382 1647 4423 ¹outa
1668 4369 1796 4441 blaspbe-

1002 4458 1054 4513 mia
1070 4459 1110 4533 sui
1126 4457 1243 4513 nouuiois
1258 4457 1385 4513 inassuetus
1397 4458 1539 4528 aspiceret.

130 4559 189 4616 bus
203 4557 323 4628 negarit
337 4554 434 4610 alieba.
449 4552 509 4609 lam
524 4550 597 4607 littus
611 4559 763 4607 accesserat
776 4550 859 4605 maris
871 4590 879 4618 ,
891 4548 947 4619 jam
961 4556 989 4617 1)
1036 4550 1138 4623 Lugeat
1148 4550 1355 4607 uuuucdcmensa
1371 4552 1474 4607 saevitia
1485 4551 1661 4624 perfidorum,
1671 4568 1732 4626 quaa
1745 4556 1800 4613 lio·

130 4654 218 4707 nstris
229 4659 364 4720 acceptos
375 4656 507 4720 martyres
517 4642 632 4701 ucbebat
644 4654 674 4699 ut
685 4653 833 4716 mergeret.
845 4644 895 4697 Ast
904 4641 949 4697 ubi

131 4740 276 4819 probandi
302 4741 418 4813 aequoris
440 4736 611 4795 altitudinem
636 4735 783 4808 perniciter
808 4735 948 4802 introivit,

131 4856 191 4896 trou
206 4834 327 4908 segnius
350 4830 480 4888 satellites
494 4830 602 4887 Satanae
617 4826 772 4885 celerabant
783 4828 857 4898 jussa
872 4842 948 4882 eoin·

74 4930 77 4935 ’
128 4934 229 5002 picra
245 4928 393 4985 deuinctos
403 4925 508 4983 scilicet
518 4924 636 4991 lenibus,
648 4933 676 4980 et
687 4924 764 4979 binas
777 4940 855 4979 turcas
865 4936 947 4978 arcura

129 5029 291 5081 coarteetas
304 5020 470 5091 singulorum
484 5017 635 5075 ceruicibus
660 5017 826 5089 pedibusque
838 5026 948 5073 necten-

135 5128 197 5186 tes,
217 5115 369 5171 interuallo
385 5129 437 5167 nort
451 5112 557 5167 sinodico
570 5111 605 5166 ab
620 5111 734 5167 invicem
747 5123 887 5182 separatos
902 5110 951 5167 dc·

129 5216 296 5282 mergente
326 5205 447 5277 pondere
468 5204 640 5260 dimiserant.
663 5205 737 5273 Quos
758 5205 819 5259 sinu
843 5204 953 5275 polagus

130 5306 293 5377 projectos
310 5310 338 5354 ut
358 5298 483 5370 agnovit,
498 5300 627 5355 contiuuo
641 5298 719 5369 quasi
734 5296 851 5353 ssauuuuuis
866 5306 953 5353 toitttn

130 5391 312 5454 coeiestlbns
326 5396 460 5459 ureretur,
486 5398 674 5447 sacrosanctos
695 5398 770 5445 artus
785 5400 876 5445 terrere
901 5406 953 5444 uon

129 5490 234 5562 potnit
251 5502 260 5539 ι
277 5485 325 5540 sed
337 5482 491 5539 curmolmis
502 5483 629 5539 deorsum
642 5481 758 5551 desuper
770 5480 906 5548 diocribus,
921 5478 954 5536 ad

134 5580 288 5659 ejiciendo
301 5590 413 5650 corpora
426 5578 549 5633 detrusas
559 5592 654 5633 arenas
666 5576 785 5631 iuutlitns
798 5574 954 5643 abradebat,

130 5690 166 5739 et
180 5678 221 5735 ab
239 5677 303 5731 iano
315 5674 397 5730 lurido
408 5672 441 5728 ad
455 5672 595 5744 superiora
615 5682 687 5743 terga
702 5671 863 5727 subvertens
879 5668 957 5725 nudis

133 5766 340 5835 resilientibus
374 5768 540 5825 rentorcbat.
575 5763 765 5838 Mergcbantnr
807 5772 959 5822 mrutautcs

1002 4644 1160 4700 tainicarnm
1171 4643 1256 4698 noluit
1267 4642 1402 4698 recordari
1413 4643 1556 4699 virtutium:
1571 4658 1623 4701 t-tott
1636 4646 1725 4705 timuit
1734 4662 1799 4710 m

1003 4751 1082 4809 posse
1094 4736 1129 4793 de
1137 4750 1212 4792 unare
1222 4748 1334 4805 corpora
1342 4734 1468 4803 liberare,
1481 4752 1563 4807 qnent
1577 4738 1652 4794 ruent
1663 4739 1698 4796 ab
1707 4740 1801 4799 iniens

1002 4832 1193 4888 etiamaninras
1201 4845 1394 4901 posseernerc:
1406 4831 1479 4885 autsi
1489 4830 1555 4887 untuit
1563 4832 1634 4889 alind
1646 4834 1688 4890 tel
1698 4848 1801 4893 necao·

1003 4921 1420 4994 tesquiseuornissetaceiperet,
1429 4923 1646 4993 perdiditnaisera
1655 4928 1801 4986 erudelitas

1004 5032 1058 5087 quau
1072 5015 1200 5071 credebat
1220 5030 1346 5087 rraagrutrn
1362 5030 1391 5070 se
1406 5016 1570 5085 comperisse
1583 5018 1741 5087 consiiitnn,
1757 5021 1802 5077 cni

1005 5124 1056 5164 nec
1070 5124 1148 5164 unaue
1170 5107 1254 5163 volarit
1267 5108 1338 5163 lene
1353 5122 1525 5164 courseusum.
1542 5110 1614 5181 biale⁴
1626 5111 1802 5169 commenda·

1005 5204 1043 5258 rit
1058 5202 1192 5259 desideria
1213 5217 1279 5271 sua,
1296 5218 1355 5273 qnae
1370 5212 1463 5258 contra
1485 5214 1637 5261 creatorem
1652 5220 1729 5261 snum
1755 5220 1804 5278 pe-

1007 5300 1082 5370 lagas
1093 5314 1194 5369 negare
1208 5314 1260 5353 ιιιιιι
1285 5297 1378 5368 potnit.
1395 5296 1464 5366 Quid
1486 5299 1541 5369 agit
1558 5298 1678 5355 diamasa
1691 5300 1746 5371 jam
1761 5316 1805 5359 ra·

1008 5393 1082 5463 bies.
1096 5393 1142 5449 ubi
1165 5407 1238 5447 mare
1261 5408 1313 5447 uun
1335 5391 1506 5463 persequitur
1519 5394 1639 5459 ntbrtesi
1660 5394 1729 5463 Qttitl
1751 5396 1808 5468 agit

1009 5486 1200 5553 sceleratorum
1224 5484 1334 5551 feritas,
1358 5500 1427 5539 saara
1452 5484 1497 5539 ubi
1523 5487 1607 5551 maria
1630 5496 1759 5545 teroem
1773 5488 1808 5545 nd

1009 5578 1195 5649 sepulturam?
1210 5574 1362 5647 aut'qnales
1376 5592 1390 5631 a
1405 5577 1621 5647 persecutoribus
1639 5578 1806 5649 iudicentur,

1010 5684 1077 5742 quos
1101 5677 1128 5725 et
1152 5670 1208 5740 ipsa
1230 5667 1364 5724 elementa
1390 5666 1678 5740 violaratiuuncrautl
1693 5686 1710 5725 o
1723 5670 1809 5733 beatis

1012 5760 1144 5835 passienis
1167 5757 1348 5817 tatemerabilis
1373 5756 1475 5831 gloria,
1499 5759 1525 5816 in
1548 5776 1601 5832 qua
1625 5761 1811 5833 dignatusest
