3975 6292
122 322 174 380 557
528 320 708 381 urbicum
727 321 774 381 AD
792 284 1034 383 sbttocttb'bds
1055 324 1099 382 ET
1119 326 1164 382 ill)
1184 324 1368 385 tttlsbbltilt.
1722 328 1777 391 558

121 438 164 495 cio
178 436 338 511 perciptr03
353 438 453 511 quiippe
477 437 523 510 qui
549 453 603 493 non
630 437 732 509 vulgari
757 436 870 494 tilectus
888 440 924 494 sil
937 442 961 504 A
975 442 1047 515 ὑμῖν,
1063 443 1120 500 κατ’
1135 444 1218 515 εὐχάς
1239 466 1267 500 τε
1284 442 1332 506 τὰς
1346 444 1475 519 ὑμετέρας
1487 442 1648 515 διαζήσαιμι,
1663 446 1698 509 ὦς
1708 448 1778 521 ὑμᾶς

121 528 266 595 bonellcio,
282 544 342 584 cum
355 529 389 585 de
404 530 462 601 ejus
476 530 577 586 uirtute
598 538 651 585 tarn
673 528 851 586 bonoriiieum
865 528 923 588 sul·
974 540 1080 611 ίσροιπῶ,
1099 541 1143 595 καί
1163 539 1206 595 τὸν
1221 536 1299 616 ὅρμον
1318 546 1365 603 τῆς
1387 540 1513 617 ὑμετέρας
1524 540 1683 617 πρᾳότητος,
1700 545 1726 609 ἐξ
1745 541 1778 600 οὗ

121 622 237 693 trogium
253 622 362 677 tulistis.
376 622 622 679 Postremorestrrc
633 623 836 681 consuetudinis
850 636 921 694 esse,
974 632 1019 687 τίν
1028 631 1110 709 ρίίπον
1122 632 1211 687 ίνεῐνον
1224 632 1399 705 ἀπωσάμενοι,
1410 632 1617 707 οίντιισινίρνιατι
1629 634 1682 694 πίθοι
1693 614 1778 713 ἀγαθῷ

121 729 216 771 curam
230 714 439 787 :indiligentiam
453 716 577 786 prudenti
590 718 705 774 consilio
732 728 924 790 congruentem
974 726 1022 782 τόν
1039 722 1164 797 ὁμόνοιαν,
1187 725 1289 797 pidaras
1309 725 1339 780 τό
1363 732 1467 799 σημεῖον
1487 726 1618 799 ἑνθόμινοι,
1639 726 1730 805 δρόμον
1748 750 1776 785 τι

120 807 261 876 adbibere,
274 817 302 864 ut
317 809 397 865 talem
408 810 495 865 tirum
503 809 653 880 cuiusmodi
661 825 729 880 opus
739 811 854 876 trabolis,
863 828 925 883 per·
976 817 1091 892 οὐράνιον
1113 818 1149 877 είς
1173 824 1224 889 φῶς
1249 815 1402 895 δραμόντες,
1419 815 1549 881 πηδαλίοις
1563 818 1595 882 δ’,
1612 821 1648 882 ὡς
1663 814 1693 875 διν
1710 818 1777 879 τόποι

121 901 246 973 qrrimtis,
259 902 334 957 omni
346 902 475 958 seditioso
486 910 515 958 et
527 903 687 960 immodesto
697 904 819 961 clamore
830 906 925 975 procul
976 929 1027 973 τις,
1045 906 1173 986 σιδηροῖς.
1185 906 1273 986 διόπιρ
1293 913 1334 966 ναί
1350 910 1392 967 τόν
1404 906 1526 987 ἄφθαρτον
1540 913 1648 989 ρδαρτὸν
1660 914 1775 985 δριῖσίι·

119 1003 225 1053 amoto.
256 996 369 1066 Semper
397 996 472 1053 enirn
500 996 653 1067 hujusmodi
676 997 808 1055 clamores
833 998 926 1071 injusti
975 1006 1029 1057 πᾶν
1043 1003 1092 1078 -ροίρ
1105 1006 1150 1061 τόν
1170 1008 1232 1057 ναῦν
1252 1002 1436 1079 λυμαινόμενον,
1456 1004 1545 1081 ὥσπερ
1560 1004 1585 1070 ἐξ
1598 1005 1698 1067 ἀντλίας
1716 1007 1777 1063 ἀνοί-

119 1101 242 1160 sunt,·et
255 1108 288 1148 er
303 1093 439 1151 rariorum
453 1094 594 1150 bominum
619 1097 690 1152 inter
717 1110 748 1152 sc
773 1095 924 1165 collisione,
976 1093 1064 1152 λονται.
1081 1092 1119 1151 διδ
1133 1092 1218 1154 δήνῠν
1240 1098 1418 1171 προνοήσασδς
1436 1102 1482 1157 τίον
1496 1096 1637 1155 ἀπόλαυσιν
1658 1103 1704 1154 τοῦ
1726 1106 1777 1155 τῶν

118 1187 248 1243 οοίιιιιίίαι
268 1196 348 1259 atque
372 1187 497 1245 incendia
511 1188 625 1245 excitari
648 1188 746 1245 solent.
771 1188 809 1244 ltu
829 1188 886 1247 beo
898 1198 926 1247 et
977 1184 1097 1243 ἁπάντων
1115 1186 1197 1249 οὕτως
1212 1185 1298 1260 ἔχεαι
1315 1190 1350 1250 ὣς
1364 1182 1394 1244 ἂν
1416 1194 1451 1262 μδ
1472 1188 1591 1267 διδτιρον
1615 1192 1714 1266 ἀίοίνλῳ
1735 1194 1777 1249 ναί

119 1280 339 1353 vobisplacccnt,
356 1283 391 1338 ita
404 1281 553 1337 metandum
574 1290 636 1337 vcta
656 1293 746 1337 vestra
772 1279 853 1338 vitam
880 1282 925 1339 de·
976 1280 1122 1339 όλυσιτιλιί
1137 1278 1379 1357 σπονδῄἧιιοιθόλον
1398 1304 1424 1337 τι
1445 1282 1585 1347 πήξασθαι.
1601 1280 1675 1343 νότιόν
1691 1286 1778 1361 όιρχιόν

115 1388 193 1444 gam,
208 1382 299 1430 utros
312 1372 395 1445 diligo
408 1381 435 1428 ot
448 1374 620 1446 tranquillum
642 1384 739 1431 restro
765 1384 923 1431 mansueto·
975 1377 1143 1452 ίπιχιιρῆσαι
1157 1380 1192 1449 μὴ
1208 1375 1336 1453 συμφέρον
1348 1372 1490 1449 δοκοίημεν.
1507 1374 1596 1439 deris
1606 1376 1676 1450 ίνμᾱς
1689 1375 1777 1453 drapu-

116 1466 447 1537 dinisportumamo.E1
462 1483 517 1539 ortu
531 1467 625 1536 eiectis
639 1467 693 1523 illis
706 1467 842 1536 sordibus,
858 1484 921 1525 oum
974 1471 1054 1541 λαξοι,
1066 1468 1166 1547 diripuit
1173 1472 1310 1546 ἀγαπητοί.

118 1560 214 1631 probis
224 1561 343 1617 moribus
356 1559 528 1617 concordiam
542 1561 674 1629 inducite,
686 1560 848 1634 ilrmumque
861 1561 923 1617 nari

115 1654 226 1726 signum
240 1656 530 1726 inponitecoetestem
546 1658 724 1732 nai-igsrionts
743 1674 850 1715 cursum
873 1656 1073 1731 gubernaculis,
1088 1663 1117 1711 ut
1140 1655 1176 1711 ita
1189 1652 1288 1721 dicam,
1315 1651 1410 1710 lerrcis
1434 1650 1469 1709 ad
1496 1654 1584 1709 lucem
1608 1651 1692 1725 ipsam
1710 1650 1776 1708 diri-

114 1754 224 1819 gentes.
243 1746 374 1815 Quocirca
403 1749 622 1822 incorruptibiles
647 1765 752 1807 merces
777 1752 804 1807 in
828 1766 924 1807 narem
940 1750 1080 1820 imponite.
1096 1747 1229 1819 Quidquid
1263 1747 1334 1803 enim
1357 1760 1637 1819 naremcorrumperc
1659 1753 1775 1817 poterat,

116 1838 256 1910 tamquam
270 1855 305 1896 ex
317 1842 423 1898 serotina
438 1842 599 1900 exhaustum
613 1853 665 1901 est.
680 1843 797 1901 Proinde
811 1859 921 1916 oporam
940 1844 1013 1911 date,
1030 1852 1059 1900 ut
1072 1842 1112 1899 bis
1126 1842 1253 1899 omnibus
1265 1842 1344 1899 bouis
1367 1843 1403 1897 ita
1417 1841 1568 1915 potiaruini,
1586 1854 1620 1897 no
1641 1840 1705 1912 quid
1726 1841 1778 1895 im-

116 1941 258 2003 posterum
275 1934 428 1993 inconsulto
446 1946 528 2009 atque
539 1938 626 1995 inutili
639 1938 731 1996 studio
744 1948 792 1997 aut
801 1938 929 1999 statuisse
943 1942 1065 2009 omnino,
1077 1939 1165 1996 autab
1176 1938 1251 1997 initio
1263 1936 1384 2010 aggressi
1399 1950 1459 1995 esso
1472 1934 1626 1995 rideamini.
1646 1934 1777 1994 Divinitas
1844 1930 1852 1945 ⁸

116 2042 168 2087 ros
180 2038 283 2100 secret,
298 2029 397 2091 iratres
411 2032 552 2094 rarissimi.

483 2160 489 2172 ·
582 2126 753 2185 EPISTULA
772 2126 794 2184 ii
812 2123 1045 2187 consuliturus
1064 2121 1111 2181 Ab
1131 2117 1316 2181 tusculum.

719 2221 803 2288 (δια,
817 2218 868 2274 rit.
881 2220 972 2281 Corui,
984 2218 1026 2273 tic.
1040 2234 1074 2284 nr,
1088 2231 1111 2269 c.
1121 2218 1174 2282 ci.)

580 2307 711 2390 'Laudatur
722 2310 749 2361 S.
760 2308 896 2375 Episcopus
906 2307 972 2374 quod
983 2306 1137 2358 Antiochiam
1148 2306 1309 2357 recusaverit.

158 2434 252 2491 Victor
266 2432 450 2491 Gorrttcntt’mrr
464 2434 597 2493 Maximus
611 2437 740 2509 Augustus
755 2436 873 2494 Ενιιόίο.
1014 2444 1121 2503 nemeis
1134 2434 1454 2512 ιιοννσταντῖνοςίιίνιοτος
1467 2436 1727 2512 Σιόαστδςιίίνσιδίῳ.

155 2573 305 2645 Epistoiaut
319 2584 391 2631 luant
406 2574 504 2645 sepius
518 2575 579 2648 legi,
595 2586 623 2632 et
637 2576 827 2635 ecciesiasticae
841 2577 921 2635 disci·
1010 2579 1127 2659 'Ariprcm
1141 2582 1307 2659 πλνρὲστατοι
1328 2584 1373 2640 τόν
1387 2580 1533 2639 ἐπιστολήν.
1547 2582 1590 2635 καί
1613 2564 1664 2635 τόν
1683 2578 1772 2636 κανόνα

118 2668 200 2741 piinao
229 2669 347 2741 regulam
370 2671 571 2727 accuratissime
596 2671 765 2729 observatam
790 2688 805 2729 a
831 2681 857 2730 tc
875 2688 922 2731 co-
973 2684 1020 2738 τῆς
1042 2677 1249 2738 ἐνηλιοιαστικῆς
1266 2678 1408 2747 ίπιστνίμος
1422 2674 1457 2738 τίς
1472 2673 1776 2751 ἀηρίδιιανρνλοχθίντα

118 2761 212 2833 gnoui.
227 2762 306 2819 Enim
317 2778 383 2819 vero
408 2763 434 2819 in
458 2779 490 2820 en
510 2766 644 2821 sententia
673 2777 802 2837 perstare,
822 2784 882 2841 qum
893 2780 922 2825 et
973 2770 1126 2831 νατινὸησα·
1142 2770 1255 2842 ίμμίνειν
1269 2773 1330 2841 γοῦν
1349 2768 1450 2829 τούτοις
1474 2761 1542 2842 οίπτρ
1568 2767 1666 2843 διροστιί
1683 2785 1712 2821 τι
1737 2770 1776 2839 τῷ

119 2858 178 2915 beo
188 2868 299 2929 accepist
312 2869 339 2915 ct
349 2859 505 2930 apostolicae
529 2860 664 2917 traditioni
679 2876 798 2933 congrua
812 2878 871 2920 esse
882 2864 922 2920 vi·
973 2874 1040 2941 Θεῷ,
1054 2868 1097 2920 καί
1113 2871 1145 2941 τῇ
1168 2864 1325 2941 ἀποστολικῇ
1345 2860 1488 2941 παραδόσει
1512 2862 1634 2933 σύμφωνοι
1651 2860 1774 2933 perintrat,

118 2950 229 3019 deutur,
243 2966 355 3009 summae
367 2953 475 3025 pietatis
486 2963 538 3011 cst.
555 2955 594 3011 Tu
607 2955 716 3027 quidem
735 2957 843 3013 beatum
858 2968 883 3015 te
894 2959 920 3014 in
973 2962 1072 3035 τίναρίς.
1087 2960 1208 3037 μακάριον
1221 2956 1252 3019 δνί
1265 2958 1362 3015 σαυτόν
1380 2958 1421 3013 καί
1440 2956 1465 3010 δν
1480 2956 1551 3028 αὐτῷ
1564 2953 1648 3025 τούτῳ
1665 2952 1749 3025 νόμιζι
1765 2988 1774 3019 ,

118 3046 172 3101 boc
197 3048 257 3121 ipso
274 3045 433 3103 existimare
445 3046 539 3114 dobes,
557 3049 600 3119 qui
623 3048 703 3107 totius
727 3051 921 3122 propemodum
974 3054 1053 3129 ὧςτη*
1068 3058 1113 3109 τοῦ
1128 3052 1225 3126 αδσμου
1238 3052 1343 3117 παντὸς.
1366 3052 1400 3111 dr
1421 3046 1483 3109 ἔπος
1507 3044 1610 3109 εἰπεῖν,
1634 3045 1774 3121 prprnpig,

118 3138 196 3197 orbis
211 3137 376 3210 testimonio,
391 3140 488 3213 diguus
517 3141 649 3200 universae
675 3142 803 3201 Ecclesia}
817 3144 922 3217 episco-
974 3145 1044 3214 ἄξιος
1062 3149 1161 3224 δαρίθης
1182 3148 1270 3211 πάσης
1289 3144 1418 3209 imitarier
1443 3144 1581 3205 ἐπίσκοπος
1600 3132 1671 3197 εἶναι.
1686 3138 1708 3195 εί
1724 3138 1774 3219 γὰρ

810 3259 948 3319 iniusti
964 3260 1082 3320 NOTAE.

116 3350 162 3409 bis
178 3350 286 3409 tandem
300 3352 481 3419 eonbrmnrit,
501 3354 529 3410 in
542 3369 596 3426 quo
610 3352 712 3411 diserte
730 3353 857 3413 scribitur
870 3365 918 3421 τῆς
934 3356 1078 3419 Bdiritnr.
1098 3371 1160 3427 quur
1173 3353 1294 3413 secrrndc
1308 3352 1393 3410 lortur
1406 3359 1498 3407 rento.

117 3432 172 3481 τῶν
185 3422 310 3516 διαρορῶν
322 3424 516 3505 συγκρούσεως.
1008 3432 1055 3485 Τὸν
1079 3427 1204 3508 ἄφθαρτον
1223 3427 1332 3503 αθοιρτόν
1359 3426 1462 3481 ἰἴσθι.
1477 3422 1544 3479 'lota
1569 3420 1626 3477 ilaec
1652 3418 1772 3491 Episloid

154 3494 196 3562 “rii
210 3518 240 3552 ου
254 3498 390 3573 τδνρύπον
410 3496 917 3571 instro-rincrepator-(ibristoplrorso-
972 3503 1073 3571 passim
1098 3488 1232 3571 corruptn'
1248 3509 1305 3567 ost;
1332 3448 1383 3553 seii
1408 3495 1541 3563 pracipuc
1566 3494 1624 3548 lucc
1648 3493 1775 3549 clausura

117 3582 173 3623 nris
188 3570 261 3623 bunc
274 3570 360 3623 iocrrm
375 3570 409 3624 ita
424 3571 503 3625 rectit
519 3569 582 3624 :lin
595 3586 644 3642 (μιο
656 3578 732 3638 μονον
744 3571 864 3627 sordidus
877 3589 918 3627 sc·
972 3572 1078 3629 mendis
1101 3580 1196 3628 scatet.
1213 3570 1281 3640 Quid
1305 3571 1377 3626 enim
1400 3567 1451 3623 sibi
1472 3566 1565 3622 volunt
1595 3563 1653 3620 bro
1674 3562 1774 3618 uerbnl

118 3640 228 3695 ditionis
242 3643 378 3711 proteritur
396 3641 495 3715 ejectis,
509 3649 601 3708 pacato
614 3648 705 3697 mentis
718 3651 787 3697 atotrt
809 3660 917 3699 carrcor·
973 3643 1030 3713 ligo
1053 3659 1107 3701 nnn
1122 3644 1215 3700 dubito
1238 3641 1303 3714 quin
1327 3640 1469 3711 legendum
1489 3638 1524 3693 sit
1539 3635 1666 3713 ἅρδαρτον
1679 3636 1773 3714 ρόρτον

117 3712 192 3765 dinen
210 3714 237 3766 in
258 3729 346 3767 eorum
360 3714 445 3767 iocum
467 3712 589 3767 inducite.
603 3712 672 3769 llera
688 3712 714 3769 in
728 3729 760 3767 ea
781 3715 916 3781 versione.
971 3712 1056 3791 ἄρατο.
1081 3715 1168 3771 Utitur
1182 3716 1253 3770 errim
1279 3715 1322 3771 bic
1345 3711 1536 3770 Constantinus
1559 3719 1685 3778 perpetua
1715 3722 1772 3761 rric-

118 3782 206 3839 multa
220 3793 356 3855 suntque
379 3785 496 3850 probare
519 3798 571 3839 non
591 3799 710 3854 possum.
731 3784 823 3840 Primo
844 3788 917 3843 enim
972 3790 1083 3857 tapborn
1099 3802 1113 3841 a
1130 3788 1324 3858 navigatione,
1339 3795 1368 3841 et
1384 3782 1554 3840 Christianus
1567 3788 1706 3847 comparat
1721 3792 1771 3831 no-

116 3854 193 3924 quod
215 3857 359 3932 perficitor
381 3857 472 3913 ἑνιῖνον
493 3855 588 3911 sordes
611 3854 750 3912 seditionis
773 3855 915 3927 iutelligit,
969 3858 1148 3929 gotiatoribus
1171 3860 1216 3925 ιμιί
1235 3864 1395 3913 rrnrrcatnrm
1414 3867 1494 3909 cansa
1517 3851 1651 3921 narignm.
1678 3848 1771 3931 Pergi-

118 3940 176 3982 non
204 3928 302 3997 placet.
324 3926 387 3982 tlibi
407 3927 516 3998 quidem
531 3926 638 3983 ridetur
660 3926 853 3984 Constantinus
877 3930 919 3983 in·
971 3938 1008 3996 te,
1022 3929 1119 4001 inquit,
1144 3928 1215 3984 felici
1236 3943 1316 3984 cursu
1331 3927 1363 3983 ad
1390 3926 1479 3981 lnmon
1504 3935 1633 3978 arternum
1647 3963 1655 3987 ,
1670 3920 1772 3975 vexillo

117 4013 206 4054 iuuere
229 4014 337 4055 musam
349 3999 421 4054 illam
436 4040 442 4064 ,
458 4009 662 4070 propterquam
676 3998 816 4069 depositus
831 3998 919 4067 luerat
969 4000 1057 4056 crucis
1070 4000 1101 4055 in
1125 3998 1239 4055 naribus
1251 3999 1351 4055 restris
1365 4006 1466 4057 erecto,
1481 4003 1508 4051 ot
1520 3994 1689 4062 incorruptas
1700 4005 1771 4047 mer·-

118 4070 295 4133 necaturus:
310 4078 432 4141 stuprum
448 4070 575 4126 videlicet
586 4070 724 4141 erriusdam
739 4072 915 4139 mulierculae,
969 4085 1016 4128 ces
1031 4073 1056 4127 in
1071 4086 1167 4128 narem
1183 4071 1323 4141 impunite.
1347 4070 1406 4125 lam
1422 4067 1494 4123 onim
1520 4061 1650 4189 qnidtluid
1674 4076 1770 4119 nauem

116 4140 156 4196 de
168 4140 415 4211 nurnl'beodoritus
439 4142 465 4197 in
489 4142 535 4198 lib.
559 4158 568 4197 ι
592 4142 721 4199 historiar.
743 4140 816 4199 ldcm
835 4144 918 4201 etiam
969 4158 1144 4214 corrumpere
1165 4151 1268 4213 poterat
1281 4182 1288 4207 ,
1303 4140 1462 4196 extranstum
1476 4146 1528 4193 est.
1543 4136 1580 4191 lta
1606 4150 1648 4190 err
1663 4148 1695 4189 ac
1708 4149 1771 4205 prc-

117 4214 251 4280 signilrcat
262 4213 454 4269 Constantinus
467 4215 547 4285 pnrrln
560 4222 632 4283 post,
646 4213 691 4268 ubi
706 4214 786 4269 dicit:
800 4220 852 4270 ιιᾶν
866 4218 917 4295 ’,οίρ
970 4229 1003 4286 pe
1016 4215 1088 4270 nulla
1103 4218 1252 4272 mutatione
1262 4212 1343 4279 luem,
1355 4212 1464 4284 elegans
1474 4218 1502 4266 et
1514 4218 1623 4279 apertus
1633 4205 1690 4278 jam
1705 4221 1768 4265 sen·

115 4290 167 4345 τόν
188 4292 251 4341 ναῦν
273 4286 464 4359 λυμαινόμενον,
489 4287 578 4364 ὧσπερ
605 4286 631 4352 ἐξ
655 4286 756 4347 ἀντλίας
779 4287 916 4344 ἀνόδονται.
969 4287 1130 4343 susexistit.

117 4357 151 4413 ld
173 4367 231 4420 est,
254 4357 381 4428 quidquid
406 4359 495 4413 narim
521 4358 728 4426 corrumpebat,
753 4358 859 4415 tandem
883 4372 918 4415 ex
1005 4368 1055 4416 τοῦ
1076 4368 1126 4417 τῶν
1145 4358 1275 4416 ἁπάντων.
1298 4354 1475 4413 scribendum
1502 4351 1607 4409 videtur
1629 4364 1680 4406 uno
1703 4364 1770 4405 rore

118 4428 230 4485 sentina
251 4428 412 4484 eslraustum
425 4438 476 4485 est.
491 4428 542 4485 libi
556 4440 644 4483 tamen
656 4426 916 4499 Citristoplrorsonus
968 4433 1077 4495 τούτων,
1092 4430 1228 4501 qrrnmodo
1240 4428 1320 4485 otium
1335 4428 1451 4485 Sorilius
1465 4426 1491 4481 in
1506 4440 1555 4481 sun
1569 4422 1662 4477 codice
1680 4436 1769 4477 omen·

116 4500 210 4556 sordes
217 4499 348 4555 seditionis
360 4503 456 4555 iterum
467 4502 668 4571 interpretatur.
674 4500 771 4557 Verum
780 4502 917 4571 quomodo
968 4500 1054 4558 δοιοί.
1070 4501 1097 4558 ln
1112 4501 1180 4559 l’uls.
1195 4502 1288 4559 codice
1304 4500 1401 4571 legitur
1415 4500 1557 4555 ἀπόλαυσιν
1571 4502 1621 4551 τῶν
1635 4494 1766 4551 ἁπάντων.

116 4571 217 4627 sordes
229 4571 263 4626 de
277 4571 411 4627 seditione
423 4572 475 4628 dici
489 4572 601 4641 possint,
614 4571 738 4644 equidem
754 4589 808 4627 nnn
825 4573 913 4631 rideo.
968 4572 1043 4629 Finis
1068 4582 1156 4629 autem
1178 4574 1258 4644 burins
1275 4570 1403 4641 Epistola
1424 4571 1463 4625 sic
1487 4565 1670 4625 restituendus
1691 4564 1769 4621 ride-

118 4644 162 4699 De
176 4653 271 4711 stupro
291 4658 356 4697 roro
377 4643 449 4714 qnod
472 4642 614 4699 Ensratbio
639 4642 833 4713 objiciebatur,
850 4646 915 4716 quin
967 4646 1062 4715 tunsio
1077 4647 1184 4704 καθόλου
1193 4668 1220 4702 τι
1231 4646 1387 4724 πράξασθαι,
1403 4640 1432 4703 δν
1444 4647 1490 4703 τίν
1499 4642 1586 4719 ἀρχὴν
1599 4639 1770 4716 ἐπιχειρῆσαι

115 4715 222 4783 optime
231 4714 357 4771 dicantur
365 4730 445 4771 nemo
459 4714 582 4771 dubitare
598 4723 694 4783 potest.
711 4716 760 4771 Est
768 4726 857 4772 autem
872 4717 915 4774 bic
966 4722 1002 4790 μδ
1017 4720 1145 4796 συμρίρον
1165 4716 1289 4777 δοκοίητι.
1311 4719 1397 4784 Qucum
1423 4714 1566 4769 lectionem
1584 4711 1620 4793 1ίιι
1644 4708 1769 4798 spinione

117 4787 279 4855 nretaplrora
307 4802 322 4840 a
338 4786 472 4857 portibus,
492 4787 538 4857 qui
554 4787 662 4857 pnrgari
688 4788 787 4851 solent,
808 4789 915 4857 quoties
968 4803 1028 4843 mea
1043 4800 1150 4848 secutus
1161 4804 1231 4844 sum.
1249 4786 1334 4845 rnen
1347 4796 1435 4842 nortem
1452 4785 1644 4840 constantinus
1659 4780 1769 4837 αόουλον

118 4859 180 4913 luto
204 4867 233 4913 et
256 4855 387 4927 cujusquo
403 4858 476 4914 nrodi
491 4857 634 4914 ruderibus
649 4858 836 4929 opplerisunt.
855 4858 915 4915 loru
966 4859 1097 4929 σπουδιίν,
1125 4859 1243 4916 studimn
1270 4857 1341 4931 qrrod
1366 4856 1564 4914 dntincbenses
1591 4867 1654 4922 erga
1681 4850 1768 4907 Euse-

117 4944 187 4985 rern
203 4928 284 4983 rerba
302 4928 346 4983 ilia
357 4931 383 4996 ίξ
398 4926 441 4998 οὗ,
458 4937 550 4999 posset
563 4928 660 4996 aliquis
679 4930 849 4997 interpretari
868 4931 917 4986 nd·
968 4931 1041 4986 bium
1063 4931 1266 4987 dcctnrarorant
1279 4972 1286 4996 ,
1299 4945 1360 4986 eum
1384 4944 1445 4985 eum
1459 4928 1512 4984 sibi
1531 4926 1692 4997 Episcopum
1709 4938 1767 4978 am-

117 5001 290 5056 verbiniiter:
300 5009 381 5070 stoue
393 5000 429 5056 ita
445 5001 587 5072 legendnm
600 5009 684 5066 esset,
700 5004 915 5077 ἀντιισινίρνατι,
968 5002 1069 5059 ίιίιοιιι.
1085 5002 1176 5059 Ροιοιι
1190 5002 1273 5058 etiam
1284 5001 1396 5072 intelligi
1412 5000 1530 5055 studium
1545 4994 1767 5053 Antiochensium

118 5073 194 5142 ιιιιοιί
213 5080 289 5129 certe
313 5088 367 5128 non
390 5072 526 5145 displicet.
541 5071 590 5138 lta,
605 5072 691 5142 inquit
712 5069 913 5142 Constantinus,
968 5088 1032 5142 erga
1046 5074 1229 5137 Eustatbium,
1246 5073 1530 5143 cniusabdicationem
1545 5084 1617 5142 aegro
1631 5068 1767 5131 terentes,

118 5146 178 5200 Deo
193 5146 315 5213 placeam
330 5153 418 5199 utros
437 5158 514 5211 amc,
525 5154 554 5198 et
568 5153 664 5199 νοείτω
677 5142 795 5200 lenitatis
811 5156 917 5215 portum
969 5145 1127 5201 seditionem
1142 5146 1353 5202 corroboremur.
1368 5145 1396 5202 ltu
1417 5144 1609 5212 manuscriptis
1629 5138 1768 5194 codicibus

117 5216 222 5287 diligo,
245 5226 386 5285 postquam
412 5215 505 5288 rjtctis
524 5215 580 5271 iilis
601 5214 726 5271 sordibus
746 5218 918 5273 concordiam
969 5214 1038 5273 Fuit.
1055 5217 1118 5274 Sar.
1139 5227 1166 5273 et
1180 5218 1298 5275 Tur-nebi
1313 5218 1356 5271 bic
1368 5218 1441 5273 locris
1464 5220 1499 5269 ita
1514 5213 1767 5283 ιοιίίνίιιιιίπιχιι-

117 5304 181 5344 cnm
194 5288 287 5357 probis
302 5286 423 5343 moribus
432 5288 584 5343 induxistis.
599 5284 680 5342 Certe
689 5286 733 5343 bic
746 5302 841 5345 sensus
856 5288 914 5344 ral-
965 5296 1046 5366 picci
1061 5286 1074 5346 ὃ
1080 5295 1120 5375 μή
1134 5291 1260 5368 eoppipar
1275 5285 1339 5347 risa,
1351 5292 1423 5363 ipsis
1437 5286 1581 5357 δοκοίημεν.
1595 5281 1648 5337 Sed
1665 5282 1768 5365 planior

118 5360 155 5415 dc
167 5358 345 5415 milrirrridct
358 5375 414 5429 prro
430 5359 537 5431 uulgata
550 5358 676 5413 lectione.
687 5358 746 5415 iam
760 5359 832 5415 eninr
846 5375 914 5416 con·
967 5370 1010 5419 est
1033 5371 1165 5432 scripturn
1181 5378 1261 5433 quiam
1281 5364 1306 5417 in
1323 5362 1458 5416 reteriims
1473 5356 1580 5413 sclredis
1601 5368 1765 5425 reporimus,

118 5432 219 5489 cordes
237 5440 314 5485 erant
337 5431 595 5495 bntincbetrses,et
615 5440 708 5500 pacata
728 5441 786 5488 erat
804 5431 914 5500 seditio,
968 5433 1138 5511 ίπιχιιρνίσοιι
1171 5440 1236 5495 den
1274 5436 1329 5511 ίρον
1344 5431 1485 5499 δοκοίημεν.

120 5512 185 5558 tnnc
203 5516 265 5557 cnm
288 5502 347 5557 lunc
373 5501 505 5560 scriberet
524 5500 732 5571 Constantinus,
749 5511 780 5559 ut
797 5511 917 5573 paretes
1005 5507 1092 5568 ιιοίσης
1106 5457 1239 5567 ίνινδόισίας
1270 5510 1398 5567 πίσηοπος
1415 5502 1488 5563 εἶναι.
1511 5498 1646 5578 baronius
1662 5497 1695 5552 ad
1719 5512 1767 5553 an-

119 5574 198 5631 initio
209 5574 290 5641 lrrrjus
304 5573 442 5641 lupicinus.
970 5592 1035 5634 ntum
1056 5578 1161 5632 bomini
1178 5575 1231 5633 sit
1250 5591 1362 5633 numero
1381 5577 1433 5635 tt5
1452 5575 1508 5629 tnnc
1527 5569 1609 5627 rerba
1626 5584 1664 5627 sic
1681 5585 1766 5647 orpo-
1840 5578 1844 5585 '

154 5647 206 5724 Δρδ
240 5668 294 5703 ντι
312 5648 425 5743 ου’ρίινιον
442 5652 479 5711 τίς
496 5654 548 5722 φῶς
566 5646 716 5726 δραμόντες.
739 5646 917 5705 Scribendnm
972 5649 1013 5706 nit
1028 5666 1034 5705 :
1047 5648 1186 5713 Ecclesirc,
1198 5650 1294 5723 inquit,
1305 5648 1581 5705 trrrtocncnacurnn
1593 5642 1767 5728 rocattltrrrs-

119 5668 296 5803 porcipisces
314 5740 409 5794 copres.
432 5720 480 5775 Est
498 5721 570 5775 enim
592 5720 748 5789 nrempbnra
771 5736 786 5775 a
812 5722 920 5788 nariga-
973 5724 1092 5779 tantinus
1103 5722 1293 5793 Episcopnnrm
1304 5723 1385 5777 totius
1395 5715 1612 5787 Ecclesiaemund
1622 5714 1767 5774 Antiochia

122 5792 205 5847 tione.
220 5792 266 5848 Suc
281 5788 368 5868 οδριος
381 5791 477 5871 δρόμος
498 5792 568 5861 apud
591 5791 754 5860 Sopbociem
775 5808 825 5865 pro
850 5790 919 5849 iclici
973 5794 1132 5865 metropolis
1150 5795 1313 5851 ossottotius
1330 5794 1459 5850 Orientis.
1480 5788 1589 5857 Verum,
1609 5788 1679 5860 qrrod
1701 5803 1767 5860 pace

123 5878 205 5920 οιιιιι
227 5863 426 5937 navigationis3
440 5877 467 5926 ct
480 5862 680 5941 οδριοδρομοῦσα
699 5871 763 5926 ναῦς
784 5881 799 5923 ι
818 5864 920 5923 Graccis
973 5868 1072 5927 summi
1084 5864 1381 5937 riridictumsit,aiius
1397 5865 1505 5926 ridetur
1522 5876 1583 5923 esso
1600 5876 1696 5920 seusus
1716 5858 1765 5916 bo·
