3975 6292
239 264 293 329 tbi
651 260 792 321 ulzautt
811 261 1065 334 trtatstuth'S,
1084 263 1325 324 causaturum
1345 262 1476 323 uictus.
1631 326 1635 337 ,
1827 266 1873 326 tot
1970 304 1971 329 1

238 380 327 440 cuerit
339 379 393 437 ltoo
414 377 539 435 instituto
563 378 757 449 rempublicam
779 379 847 437 tucri
872 395 959 443 stratu,
979 395 1040 434 cum
1055 386 1079 444 Λ
1094 392 1209 453 putenam
1223 383 1294 453 ,janu
1310 395 1397 438 tumen
1413 382 1445 437 ad
1457 382 1583 451 pietatem
1595 380 1652 454 eius
1663 390 1755 439 uatrtra
1768 383 1876 442 deducitl
1970 408 1971 441 t

238 490 333 548 regem
351 475 450 531 nisiex
470 476 555 545 stirpe
581 473 703 529 llerealis
725 488 778 528 nou
800 472 940 529 baberent.
954 472 1037 538 Tuos,
1089 474 1144 545 jam
1161 474 1392 531 uraturattistndio
1406 474 1502 531 litteris
1514 473 1625 539 babilis,
1638 473 1766 546 jairilelit
1779 476 1877 535 dettem

238 569 416 628 Coustautiue
439 568 576 637 maxime,
593 576 654 624 taos
668 567 769 624 liberos
789 582 821 625 ae
834 566 961 639 deinceps
989 584 1040 625 ue-

239 673 319 738 potes
348 675 437 723 tecum
464 671 539 734 optat
562 671 591 717 ut
615 668 690 717 tauto
715 676 731 717 a
758 659 879 731 pluribus
903 669 1039 731 petantur,

239 768 342 831 quanto
352 757 387 814 ad
398 757 500 827 majora
511 765 668 811 nascautur.
684 754 898 811 Declarauteeee
909 754 1040 811 rationem

240 850 470 924 cupiditatemque
484 856 607 904 notorum
621 846 689 903 lacta
702 844 790 920 Crispi
800 847 940 903 Caesarum
955 849 1042 903 mari·

241 941 290 1009 mi,
308 942 335 996 iu
351 955 405 1012 qtro
418 939 497 995 uelox
511 939 596 994 uirtus
617 937 705 993 aetatis
728 952 805 993 aurora
831 952 884 994 uon
905 938 1040 995 retardata

241 1034 360 1107 pueriles
374 1048 461 1091 annus
476 1032 569 1104 gloriis
583 1026 791 1103 triumplialibus
815 1034 974 1104 ocerrparlt:
990 1048 1040 1091 eu·

239 1126 329 1199 insita
341 1127 397 1198 jan
414 1125 511 1182 uberes
535 1132 640 1181 scatent
653 1123 758 1190 laudes,
772 1132 802 1178 ut
820 1124 907 1194 plenae
929 1133 1041 1195 possent

242 1219 338 1285 rideri,
353 1219 404 1275 uisi
417 1218 534 1289 caepisse
555 1229 581 1273 et
597 1228 700 1288 patrem
714 1218 906 1289 cogitaremus.
916 1218 967 1288 (ιιι
981 1220 1041 1291 qtti-

241 1314 304 1371 dem
321 1328 392 1368 nante
403 1312 588 1369 nobilissimus
602 1312 694 1367 Caesar
707 1310 853 1368 venerandi
869 1314 963 1383 patris,
989 1312 1043 1367 ira·

242 1413 325 1474 traua,
354 1421 521 1478 suorumque
542 1406 662 1461 omnium
691 1405 787 1460 lruitnr
813 1416 933 1477 aspectu,
958 1420 1042 1479 seque

242 1497 384 1556 lrtteudnm
399 1499 526 1555 onutibus
541 1498 653 1570 prabet.
667 1496 756 1554 Cruda
774 1496 863 1555 adbuc
886 1499 975 1556 ltietue
991 1500 1043 1556 iter

242 1590 302 1663 gelu
314 1591 495 1659 intractabile,
506 1590 669 1646 immensam
680 1588 778 1660 spatio,
794 1589 900 1645 uiribus
916 1590 1042 1647 iulestum

242 1684 393 1741 incredibili
406 1684 547 1741 eeleritate
553 1681 668 1738 coniecit
681 1698 687 1735 :
703 1689 733 1737 ut
744 1680 936 1753 intelligamus,
944 1682 1043 1739 alaeri-

1092 565 1226 623 fractuosa
1239 567 1437 639 subscriptione
1452 568 1569 623 laetatur.
1584 568 1694 637 belegar
1705 568 1785 623 ruulta
1799 568 1878 625 indul·

1091 661 1263 731 gentissimns
1277 676 1392 730 parens,
1412 668 1439 717 et
1451 676 1511 733 qnae
1527 676 1574 732 per
1589 670 1615 718 te
1632 660 1771 732 carricatis,
1795 663 1878 722 reterri

1092 752 1124 809 ad
1139 754 1252 825 gratiam
1267 765 1339 809 tuam
1351 756 1461 811 truatult.

1128 844 1272 901 xxxvtll.
1289 847 1356 915 Quid
1373 848 1452 919 igitur
1476 848 1517 904 bis
1533 850 1699 921 temporibus
1714 850 1878 921 fortunatius,

1092 950 1153 991 eum
1169 937 1300 994 lreueliciu
1314 938 1482 996 Constantini
1499 941 1627 1009 maaianai,
1643 944 1688 1015 qni
1705 953 1757 998 tam
1787 953 1880 1001 utatute

1094 1032 1171 1087 uobis
1184 1030 1304 1089 Caesares
1326 1034 1418 1101 dedit,
1447 1043 1553 1091 amantur
1578 1037 1702 1091 unanimis
1714 1052 1804 1095 eorum
1816 1054 1880 1095 cum·

1093 1125 1197 1193 modis,
1213 1135 1242 1183 et
1255 1129 1356 1199 integra
1377 1139 1444 1185 actus
1464 1130 1581 1198 supersit
1593 1130 1605 1184 i
1617 1128 1689 1185 Nibil
1715 1131 1880 1201 imminuitur,

1092 1226 1120 1274 et
1132 1218 1275 1288 plurimum
1290 1220 1404 1275 annuitur
1417 1239 1422 1271 :
1434 1230 1484 1287 ut,
1501 1236 1561 1276 caru
1577 1235 1620 1277 res
1636 1220 1746 1291 largiter
1759 1232 1879 1292 suppetat,

1093 1320 1254 1379 sportarueu
1281 1310 1381 1365 illibata
1408 1319 1573 1387 peruuartegt.
1590 1312 1785 1382 Quirraptcnuiis
1810 1314 1879 1385 igitar

1094 1399 1208 1457 lelieiter
1234 1401 1382 1471 ineltuatis,
1397 1403 1528 1459 decennia
1553 1404 1690 1461 casarum
1716 1404 1879 1461 trtrlrilissituo·

1093 1509 1172 1559 rum,
1186 1494 1253 1549 ultra
1278 1504 1399 1567 posteros
1414 1506 1519 1552 uestros
1535 1496 1730 1567 extendenda,
1754 1512 1828 1569 quam
1839 1498 1880 1553 im·

1095 1602 1178 1660 pense
1199 1602 1295 1661 rogare
1325 1598 1352 1645 et
1375 1605 1454 1645 orare
1480 1606 1529 1646 antis
1551 1593 1713 1657 conueniat,
1736 1590 1797 1664 ipsis
1814 1592 1880 1653 bouis

1096 1689 1268 1751 temporum,
1290 1691 1318 1737 el
1352 1682 1506 1753 reipublicae
1530 1681 1692 1740 utilitatibus
1708 1684 1877 1743 adtttonemut.

242 1784 342 1841 tatibus
354 1782 420 1840 nibil
434 1797 570 1854 asperum,
586 1780 630 1853 qui
642 1780 727 1851 ipsam
739 1794 843 1851 quama
858 1779 916 1836 suis
935 1778 1043 1849 petebat
1058 1787 1081 1848 Β
1094 1772 1170 1831 lacet
1183 1774 1210 1830 iu
1223 1774 1308 1830 latere
1322 1772 1484 1843 Galliarum,
1501 1787 1546 1831 aut
1557 1775 1584 1831 iu
1599 1776 1660 1831 sinn
1674 1786 1720 1832 tur»
1730 1774 1786 1832 lusa
1796 1774 1879 1833 barba·

242 1887 297 1934 mut
309 1875 469 1932 laboriosam
485 1873 629 1929 instituerit
642 1872 818 1929 uoluntatem.

1093 1866 1131 1921 ria
1149 1884 1156 1921 :
1175 1864 1263 1922 Persae
1274 1866 1339 1937 ipsi,
1356 1868 1548 1939 potcusuatio,
1561 1876 1589 1925 et
1609 1879 1670 1941 post
1682 1870 1822 1925 lluutauam
1831 1885 1876 1925 ma-

280 1968 411 2027 xxxta.
424 1969 489 2037 Quae
500 1979 591 2031 tuum,
618 1966 792 2022 Constantine
818 1964 949 2032 maxime,
977 1964 1042 2021 mite
1092 1962 1260 2032 guitudiuem
1288 1962 1314 2017 ia
1351 1963 1430 2019 terris
1462 1963 1596 2033 secunda,
1629 1966 1773 2021 amicitiam
1801 1974 1877 2033 trram,

242 2074 338 2134 pectas
351 2061 490 2117 inundarit
505 2059 664 2132 gratulatio,
679 2058 721 2113 cui
745 2066 820 2113 tanto
840 2055 983 2112 interuallo
998 2056 1041 2111 ri·
1092 2049 1268 2111 Constantine
1279 2055 1395 2111 maxime
1405 2098 1414 2125 ,
1426 2072 1479 2111 uon
1491 2056 1580 2113 ntinns
1598 2058 1719 2129 trepide,
1732 2072 1807 2130 quam
1817 2073 1878 2113 arua·

242 2154 307 2211 dere
318 2151 400 2208 tilium
415 2150 505 2217 licuit,
521 2159 549 2206 et
563 2150 655 2206 ridere
679 2146 830 2205 rictorem?
853 2146 977 2203 Narravit
989 2147 1041 2203 nti·
1090 2144 1182 2211 biliter
1193 2147 1354 2218 petiverunt.
1365 2146 1443 2204 Nulla
1455 2147 1482 2205 iu
1495 2152 1573 2205 terris
1585 2159 1638 2205 tam
1662 2148 1738 2205 tertia
1751 2148 1819 2205 tratiu
1830 2158 1877 2215 cat,

241 2261 295 2318 que
306 2243 439 2302 exitausta
454 2242 536 2313 bella,
549 2252 576 2298 et
589 2242 644 2319 boc
664 2241 697 2297 ad
710 2256 787 2297 suam
800 2240 924 2311 gratiam,
941 2255 994 2297 nou
1007 2239 1041 2296 ad
1092 2257 1152 2312 aptiae
1164 2253 1252 2299 teuou
1277 2252 1378 2299 metuat
1398 2252 1443 2297 aut
1464 2242 1566 2313 diligat.
1587 2242 1686 2299 Ourania
1707 2242 1770 2298 turris
1781 2242 1877 2315 placita,

241 2338 282 2395 sui
298 2336 523 2402 ostentationem,
548 2335 636 2408 qualis
657 2331 817 2402 excipiendo
840 2330 937 2397 hoste,
959 2347 1040 2403 quam
1076 2334 1165 2391 douri
1183 2350 1329 2407 prospera,
1351 2352 1465 2391 arrrrouaa
1486 2337 1624 2403 obertate,
1647 2336 1781 2393 l'rnetnum
1801 2337 1876 2408 eopia.

241 2430 379 2488 resistenti
394 2428 554 2497 veliemeus,
570 2442 648 2500 quatu
665 2425 750 2481 lacilis
770 2423 942 2497 supplicanti.
955 2425 1040 2481 dardi·
1092 2430 1236 2487 Exornata
1248 2431 1397 2487 utirauduur
1418 2432 1447 2488 iu
1459 2432 1568 2487 trandum
1582 2473 1589 2499 ,
1602 2448 1633 2488 ae
1645 2446 1732 2505 prope
1741 2432 1775 2489 de
1784 2434 1875 2503 integro

241 2524 279 2580 rit
292 2523 349 2579 ltaec
367 2525 449 2579 irater
469 2523 606 2587 intentus,
635 2529 662 2576 et
684 2519 815 2592 puerilem
836 2518 953 2573 animum
979 2533 1041 2590 spes
1091 2525 1207 2582 conditu
1230 2526 1362 2583 civitates.
1384 2526 1466 2581 Nuuae
1481 2526 1553 2595 teges
1573 2528 1702 2598 regendis
1724 2526 1835 2585 ,nuribus
1854 2534 1879 2583 et

241 2617 301 2674 lata
314 2627 341 2673 el
352 2616 448 2673 blanda
461 2615 558 2688 gaudit
583 2614 740 2679 ῑίῑίΙΙιιιιιιῑι
761 2626 876 2685 cumque
896 2610 1042 2667 miraretur
1091 2616 1245 2689 lmngeudis
1257 2620 1329 2675 uitiis
1340 2621 1501 2676 corastitutas.
1515 2619 1641 2676 Veterum
1653 2621 1877 2679 calumniosaru-

241 2710 370 2779 tratrem,
386 2712 466 2769 etiam
480 2709 530 2765 sibi
546 2708 629 2774 lauit,
644 2707 715 2781 quod
730 2723 763 2763 er
789 2708 868 2763 anuis
889 2705 947 2778 ejus
960 2721 1040 2777 apuam
1092 2711 1174 2783 bages
1189 2713 1300 2779 recise,
1321 2714 1460 2783 captanda
1480 2714 1664 2785 situplieitatis
1687 2716 1793 2789 laquem
1803 2715 1877 2787 perdi·

240 2806 377 2875 pmrimus
391 2813 473 2859 tantae
486 2803 578 2874 gloriae
591 2810 662 2859 esset
677 2802 794 2873 agnovit.
816 2800 893 2857 Nunc
916 2809 956 2867 te,
968 2799 1040 2856 Con·
1092 2803 1199 2861 derunt.
1213 2807 1303 2862 Pudor
1314 2816 1399 2874 tutns;
1413 2808 1513 2863 unatrita
1534 2809 1671 2881 conjugia.
1693 2810 1797 2867 Securae
1807 2808 1877 2865 lacul-

239 2900 357 2957 atautiue
379 2899 623 2982 marinae,omues
641 2912 782 2967 rogamus,
808 2906 1041 2966 ctaurpraeseutem
1092 2906 1160 2955 butes
1180 2900 1327 2955 ambitione
1347 2898 1388 2957 sui
1420 2900 1555 2971 gaudent,
1585 2916 1635 2957 nec
1656 2902 1755 2974 aliquis
1776 2899 1876 2957 labendi

239 2993 408 3055 laudaveris,
422 2990 545 3062 cumjam
559 2990 713 3061 reipublicae
726 2988 870 3059 flagitanti,
883 3004 943 3044 cum
958 2988 1041 3046 Gallis
1091 3006 1170 3061 getam
1191 2992 1334 3061 plurimum
1356 3003 1461 3051 metus:
1481 2993 1528 3049 sed
1553 2994 1579 3049 iu
1606 3004 1682 3051 tattta
1702 2996 1824 3051 licitorum
1840 2990 1875 3047 tl-

240 3082 456 3142 desiderautibus
469 3082 565 3139 reddes
578 3123 585 3146 ,
597 3086 693 3138 iterum
708 3093 787 3153 :stagno
807 3082 903 3136 iterrun
931 3066 1045 3136 ututreas'
1091 3082 1199 3140 liuentia
1212 3100 1307 3158 tuagua
1321 3084 1482 3143 uerecundia
1494 3101 1547 3141 nou
1568 3086 1697 3143 ltabeudi.
1711 3086 1758 3143 lile
1776 3084 1877 3155 denique

240 3189 440 3246 reuertentem,
462 3192 549 3249 tueque
572 3176 643 3232 euim
658 3175 812 3249 persuaderi
832 3174 908 3231 laeile
933 3181 1038 3247 potest,
1054 3183 1078 3248 c
1092 3185 1178 3235 status
1189 3192 1279 3233 rernm
1293 3188 1352 3247 est,
1365 3187 1395 3233 ut
1414 3176 1568 3235 obtinendae
1593 3180 1685 3249 potius
1703 3178 1876 3235 lelicitatistu·

240 3283 268 3328 ut
283 3272 306 3329 si
321 3270 428 3343 quando
442 3272 524 3325 amuis
536 3268 634 3325 restris
655 3278 768 3324 contusa
795 3266 918 3323 barbaria
940 3264 1040 3337 aliquid

241 3372 332 3419 tamen
346 3362 471 3429 mouerit,
486 3362 522 3417 sit
535 3360 580 3417 ille
594 3360 694 3426 attinio,
710 3360 745 3415 sit
759 3360 871 3415 consilio
882 3360 919 3415 tui
932 3357 1040 3414 similis.

240 3454 383 3527 Temperet
397 3455 476 3511 ruodo
490 3454 602 3521 dextra,
618 3453 708 3509 tiramni
723 3462 828 3524 parcat,
842 3466 870 3508 et
880 3452 915 3509 sit
923 3450 1040 3523 aliquid,

174 3540 178 3547 ’
240 3562 413 3619 quesumus,
428 3548 455 3604 iu
469 3560 524 3620 quo
542 3556 568 3603 te
580 3548 677 3603 iterum
692 3546 760 3602 nolit
774 3545 882 3601 imitari.
900 3544 939 3602 Te
954 3560 1039 3612 veru,

240 3637 529 3706 ConstantiueCaesar,
544 3638 738 3695 incrementum
759 3638 904 3693 maritarum
915 3637 978 3694 boui
996 3653 1042 3709 pu·

240 3731 324 3801 bliei,
346 3732 443 3803 quibas
466 3732 537 3789 rotis
562 3732 732 3803 amplectitur
757 3730 878 3788 Romaua
906 3730 1043 3788 felicitas?

241 3841 302 3898 quaa
315 3826 350 3882 de
365 3836 392 3883 te
403 3835 507 3882 tautum
521 3834 645 3898 expectat
658 3836 788 3897 qttautum
803 3826 913 3883 nomine
934 3825 1045 3897 pollice·

240 3918 279 3980 ris
292 3937 301 3976 a
317 3930 344 3977 et
354 3918 417 3978 licet
429 3928 494 3977 actas
505 3917 593 3975 adbuc
607 3929 716 3977 reuocet
726 3920 761 3976 ab
774 3916 929 3977 imitatione
938 3917 1044 3974 uirtutis

1093 3280 1149 3326 tum
1172 3284 1313 3343 geramus,
1347 3284 1427 3341 quam
1456 3270 1585 3341 augendae
1612 3271 1776 3342 cupiditatis.
1803 3268 1877 3327 Utrum

1092 3364 1240 3433 modoest,
1254 3378 1307 3437 quo
1320 3364 1377 3420 lteri
1401 3376 1492 3435 posset
1514 3364 1726 3434 Romal'elieior,
1750 3364 1877 3421 niaximum

1093 3459 1278 3531 quidem,sed
1297 3471 1386 3515 urtica
1406 3460 1513 3527 sulani,
1538 3470 1567 3517 nt
1588 3457 1877 3533 Constantianoru-

1093 3562 1261 3610 aervatorem
1282 3568 1379 3622 sumu,
1405 3560 1434 3609 at
1457 3552 1628 3611 beatissimos
1647 3552 1769 3610 Caesares
1786 3550 1876 3613 videat,

1094 3658 1124 3704 at
1134 3646 1239 3705 lrueudi
1259 3649 1363 3720 copiam
1375 3664 1423 3719 pru
1434 3646 1563 3705 desiderii
1583 3648 1665 3705 modu
1685 3650 1771 3720 capiat
1781 3688 1788 3713 ,
1800 3656 1825 3703 nt
1838 3656 1877 3699 tet

1095 3741 1192 3799 alacris
1203 3742 1318 3813 excipiat
1328 3758 1335 3807 ;
1347 3750 1376 3797 et
1385 3755 1446 3797 enm
1458 3740 1613 3814 reipublice
1622 3742 1695 3801 ratio
1712 3738 1810 3813 digredi
1819 3737 1877 3793 teu·

1096 3834 1132 3891 rit
1142 3875 1150 3903 ,
1162 3843 1305 3905 receptura
1316 3832 1447 3891 dimittat.

902 4033 1085 4095 tautoubtt
1104 4032 1219 4097 Nalm.

276 4152 388 4209 Tautoa
401 4151 527 4224 pluribus.
540 4149 642 4221 Supple
724 4150 765 4206 lia.

279 4223 479 4296 araceum,
502 4232 527 4277 et
547 4231 657 4295 patrem.
706 4222 739 4276 isi
762 4221 865 4278 subiret
884 4222 1045 4281 intuentem

243 4298 303 4356 baec
316 4295 398 4352 inisse
411 4297 453 4352 sui
463 4294 547 4365 patris
558 4293 642 4349 initia.
660 4293 707 4350 llel
718 4293 741 4347 si
755 4308 804 4364 pro
818 4304 916 4366 patrem
926 4295 1046 4366 legamus

242 4380 360 4443 purtem
371 4382 466 4424 settstts
475 4366 527 4421 erit
538 4366 589 4420 uisi
601 4366 703 4420 ueniret
725 4364 790 4419 illud
802 4366 973 4432 lamentam,
987 4380 1047 4439 par-

245 4450 300 4499 tetu
313 4455 373 4497 esse
387 4447 505 4506 tautum,
519 4452 580 4492 euru
595 4437 657 4507 ortis
672 4437 707 4491 ita
719 4436 823 4507 incipit.

281 4524 475 4583 alacritatibus.
490 4522 517 4578 ln
530 4522 613 4577 reteri
635 4521 728 4576 codiee
738 4529 779 4575 est
790 4519 928 4575 alacritati.
942 4517 998 4586 Ego
1008 4518 1048 4572 lu·

243 4598 338 4657 beatur
350 4596 457 4669 legerint
469 4594 597 4650 alacritati
607 4591 789 4665 ‚eiua-Nihil
800 4590 1048 4660 riridocjusauiutu

244 4685 305 4727 csse
324 4670 447 4735 dillicile,
473 4668 519 4739 (pati
536 4668 609 4735 purior
637 4663 759 4720 babuerit
787 4662 861 4718 illam
882 4662 1047 4715 rolutrtatem

243 4740 475 4802 adeostreuuaut,
490 4754 571 4809 qttam
591 4752 607 4791 a
627 4739 682 4793 suis
706 4734 835 4791 militibus
858 4732 1046 4803 reposcebant.

281 4809 414 4867 xttttt.
436 4808 525 4864 Videre
542 4810 672 4864 uictorem.
687 4807 745 4864 Non
763 4806 895 4861 alstemum
914 4813 945 4859 ut
963 4812 1006 4859 est
1020 4805 1046 4859 iu

245 4883 362 4941 etlitiuue
370 4884 497 4938 l’ttteaua.
509 4879 712 4950 Crispusautena
722 4879 816 4951 dequo
826 4878 870 4936 ltic
879 4876 966 4949 agitur
975 4890 1048 4932 anuo

244 4954 345 5011 Citristi
360 4954 414 5011 520
425 4954 488 5008 uicit
496 4953 671 5009 Aletttuuuos.

282 5028 322 5083 ta
334 5043 409 5082 raam
419 5024 538 5094 gratiam.
552 5024 605 5079 atii
616 5024 706 5096 legunt
716 5023 774 5092 tai,·
784 5021 831 5080 alii
841 5023 888 5090 tui,
901 5020 946 5078 alii
958 5030 1046 5087 taum,

246 5098 273 5157 id
284 5108 325 5153 cst
337 5141 345 5164 ,
358 5110 386 5153 ut
397 5098 445 5153 tibi
456 5094 632 5167 gratillcetur.

283 5168 388 5227 Frater.
399 5165 603 5225 Cottstuuliuus.

283 5240 370 5296 Etiam
381 5242 440 5306 sibi,
451 5248 504 5295 ete.
516 5237 573 5292 lloe
582 5247 634 5301 cst,
646 5236 726 5291 etiam
735 5234 834 5307 aliquid
843 5234 1046 5292 iudelaetitioeiu

246 5329 277 5372 se
296 5314 426 5370 derivarit
437 5354 445 5379 ,
457 5308 572 5383 quod'ex
587 5308 665 5363 arratis
674 5306 760 5377 Crispi
770 5308 814 5364 eui
828 5309 965 5379 proximus
975 5317 1043 5373 erat,

247 5396 344 5452 aetate,
365 5386 450 5441 sensit
468 5396 548 5452 uuam
572 5382 736 5450 propinquus
767 5388 839 5436 esset
865 5389 945 5434 tantm
960 5377 1042 5433 laudi.

286 5456 419 5527 Temperet
429 5454 505 5510 uredo
520 5452 678 5507 austrasii
692 5452 782 5506 «turtula
794 5452 830 5505 tui
842 5451 948 5517 similis,
964 5452 1044 5505 uredo

248 5531 334 5586 iustu
348 5529 440 5585 militis
456 5540 564 5581 tttauam
590 5538 651 5580 euru
674 5522 751 5576 boste
765 5536 818 5577 nou
838 5521 1045 5591 esurierat,·qua

249 5602 278 5658 itt
289 5616 319 5655 re
328 5610 453 5669 optamus
468 5607 497 5653 ut
510 5597 639 5666 deinceps
653 5596 750 5648 iterum
765 5603 790 5646 te
804 5591 872 5646 uelit
882 5593 992 5646 imitari.

288 5671 419 5739 Quaeritur
429 5669 531 5725 uoudue
550 5666 690 5736 polliceris.
711 5662 812 5718 alludit
825 5662 859 5717 ad
879 5662 1047 5719 Constantini

251 5751 350 5802 bumeu
364 5783 372 5806 ,
384 5741 454 5812 ottod
464 5740 573 5795 ductum
584 5739 690 5793 ridetur
700 5750 715 5789 a
725 5731 886 5791 Cauttautia.

288 5808 432 5881 leuticiis.
455 5811 510 5866 lior
520 5810 639 5880 est‚ium
654 5808 731 5863 beuta
747 5818 843 5863 mauut
857 5818 901 5863 tua
915 5804 948 5861 ad
969 5804 1050 5861 utilet

1100 4156 1312 4227 subscriptiones
1321 4156 1472 4216 adltibetnr.

1133 4227 1187 4284 Per
1207 4242 1231 4286 te
1251 4231 1374 4286 raecedit.
1396 4230 1528 4290 Gruterus
1560 4232 1626 4305 legit
1654 4248 1700 4307 per
1719 4248 1745 4291 st
1762 4229 1876 4289 amaedit:

1098 4303 1232 4358 utrumvis
1244 4302 1323 4373 elige.

1135 4370 1236 4439 Referri
1247 4417 1254 4436 ‚
1267 4386 1319 4428 etc.
1334 4374 1389 4431 lioc
1400 4384 1441 4431 est
1460 4376 1508 4433 tibi
1529 4385 1668 4450 acceptum
1680 4377 1774 4435 reterri
1784 4374 1875 4432 namu.

1135 4443 1278 4501 xxxviii.
1293 4445 1354 4501 'lura
1366 4456 1474 4503 motare.
1485 4449 1553 4504 Cum
1565 4450 1753 4507 Cerastautiutts
1762 4449 1876 4521 quintum,

1098 4515 1157 4572 Cris
1179 4531 1209 4570 ns
1225 4532 1288 4573 vero
1298 4518 1496 4589 quindecimum
1507 4536 1605 4576 anunm
1617 4532 1719 4593 ageret.

1170 4588 1263 4643 aciuria
1277 4605 1364 4644 cortem
1374 4592 1524 4647 romulaeis.
1537 4598 1601 4659 Qtrae
1624 4609 1694 4650 ιιιιιιι
1705 4592 1783 4648 ueluti
1794 4603 1876 4661 prata·

1064 4646 1148 4716 Dces
1163 4660 1265 4715 lruetus
1278 4662 1303 4714 iu
1319 4674 1487 4718 antecessum
1503 4666 1680 4735 percipimus,
1695 4676 1721 4721 et
1740 4680 1796 4720 curu
1806 4671 1876 4716 matu·

1102 4746 1162 4788 ram
1182 4740 1288 4787 :etalem
1310 4734 1464 4804 attigerint,
1490 4738 1626 4807 supersint
1641 4738 1717 4792 uoltis
1736 4730 1875 4792 commoda.

1101 4818 1161 4873 utrae
1172 4803 1206 4856 ab
1217 4804 1261 4856 illa
1273 4813 1351 4861 aetate
1362 4804 1449 4861 solem
1461 4812 1560 4879 percipi
1572 4810 1683 4865 orurriuo
1695 4810 1802 4880 integra,
1813 4802 1875 4875 attasi

1105 4874 1128 4930 ti
1141 4874 1206 4928 uilttl
1217 4885 1279 4930 ante
1292 4878 1484 4947 acceperimus.

1137 4944 1255 5001 intulere
1264 4946 1415 5003 Galliarum.
1426 4947 1454 5005 ld
1465 4960 1516 5019 est,
1527 4951 1559 5007 ad
1572 4952 1693 5009 ltltertum
1709 4966 1784 5008 :mut
1796 4948 1819 5005 iu
1829 4945 1876 5000 dau
1970 4930 1971 4969 ³

1101 5028 1156 5081 tuo,
1166 5017 1193 5073 id
1204 5028 1259 5083 est,
1272 5019 1298 5073 iu
1311 5019 1396 5075 trtedia
1408 5020 1563 5078 Carmania.
1588 5024 1640 5080 dlii
1665 5025 1752 5095 legunt
1762 5023 1815 5076 sinu
1829 5032 1874 5071 aaa.

1139 5090 1297 5159 Perroeipaa'.
1311 5091 1399 5146 Persae
1421 5091 1524 5164 legatus
1546 5095 1580 5151 ad
1600 5095 1798 5152 Constantinum
1811 5090 1876 5145 mise·

1102 5171 1166 5218 mut
1177 5161 1210 5216 de
1222 5161 1335 5231 peteuda
1347 5163 1405 5228 ejus
1416 5166 1545 5222 amicitia.

1135 5230 1307 5288 Cairtmuioaoe
1316 5236 1433 5305 ambages
1444 5238 1540 5293 reciae.
1555 5238 1610 5295 tloc
1620 5240 1654 5297 de
1663 5234 1827 5296 Constantino
1841 5244 1875 5287 rc·

1098 5305 1187 5361 lerttut
1196 5304 1289 5360 Aurei.
1302 5306 1393 5361 Victor
1406 5318 1432 5361 et
1443 5308 1542 5365 Euseb.
1669 5371 1677 5379 ,

1136 5374 1191 5431 Nec
1202 5374 1305 5457 aliquia,
1316 5385 1368 5431 etc.
1379 5376 1407 5432 ld
1417 5388 1468 5445 est,
1476 5396 1526 5436 nee
1535 5384 1660 5453 timetqui
1669 5373 1873 5455 opibusabnudal,

1098 5448 1145 5506 sed
1158 5458 1247 5517 portus
1258 5449 1283 5501 in
1297 5449 1595 5523 tautubuuururucupiu
1608 5451 1691 5519 irrrdur
1701 5464 1739 5509 est
1752 5453 1870 5507 iiseatttt·

1139 5518 1172 5574 llt
1183 5518 1334 5575 obtinente.
1355 5520 1384 5575 ld
1406 5532 1458 5587 est,
1471 5536 1499 5578 at
1513 5526 1659 5595 optandum
1681 5526 1753 5581 uobis
1764 5516 1874 5589 potittsiit

1101 5590 1255 5647 leticitatem
1285 5598 1442 5662 perpetuant
1468 5604 1578 5666 tenere,
1605 5615 1682 5671 quarn
1703 5594 1872 5653 eaurdeman·

1104 5662 1217 5735 pliorem
1233 5663 1342 5719 babere.

1139 5732 1202 5788 Catu
1232 5732 1379 5804 reipublice
1398 5736 1475 5792 ratio.
1505 5738 1561 5797 liuc
1582 5748 1636 5806 est,
1660 5750 1718 5797 eum
1742 5730 1873 5809 reipublicae

1102 5803 1203 5864 utilitas
1222 5818 1270 5863 toa
1289 5805 1522 5879 compateritlmta
1536 5808 1706 5869 discedere*
