3975 6292
89 1613 90 1618 γ
201 1555 313 1622 propter
322 1557 431 1601 causam
446 1553 522 1596 suam
538 1535 661 1606 qualibet
684 1531 766 1588 intret
791 1530 819 1586 in
841 1527 916 1586 curia
930 1540 1001 1598 quo·

178 263 250 324 aaa
798 215 1286 304 sancrossuu'osrenmm.
1792 224 1847 284 ean

474 365 609 428 ‘daubi
627 365 698 425 lllll.
1009 364 1037 422 Α
1345 347 1461 408 attur
1478 346 1547 404 xlll.

236 471 320 528 Neruo
335 468 407 525 cnint
431 463 483 522 nisi
495 463 619 520 uelamen
642 459 752 517 coeleste
766 454 917 528 acceperit,
943 451 998 523 pri·
1084 445 1252 504 Nentoenim
1265 443 1317 502 nisi
1328 443 1450 500 uelamen
1460 441 1570 498 coeleste
1581 435 1717 508 acceperit
1729 434 1846 508 primunt

198 581 272 624 muta
296 561 414 634 conjugii
437 573 485 633 per
509 570 605 612 manus
628 551 775 611 sacerdotis
798 548 832 606 ad
853 547 998 606 clericatus
1049 543 1167 616 conjugii
1181 554 1340 614 perminus
1354 537 1519 604 sacerdotis,
1543 534 1578 592 ad
1600 533 1744 590 clericatus
1757 531 1845 586 bono·

201 663 333 719 honorem
348 673 402 714 non
419 651 539 711 accedat.
556 649 667 705 Fluctus
677 657 719 704 est
732 645 814 702 enim.
1049 653 1108 696 rem
1128 635 1248 693 accedat
1273 631 1469 691 Testimonium
1482 629 1574 688 clerici
1593 626 1724 684 aduersus
1746 624 1846 681 laicatu

499 765 613 828 Cpppp
632 764 701 823 xpp,
922 767 923 770 =
1050 747 1106 790 non
1116 729 1233 788 admitti.
1246 727 1359 786 Fiuotns
1371 735 1414 783 est
1424 725 1508 782 enim.

200 887 434 968 ,Testimonium
445 885 535 944 clerici
547 873 998 948 aduersuslaiountnemorccipiat.
1154 937 1160 950 ,
1227 935 1234 950 ·
1344 837 1459 946 ΨΜ
1476 835 1588 945 mg
1826 925 1834 940 .

1085 933 1384 997 Testimontumclenct
1404 937 1533 989 aduersos
1555 931 1652 988 lorcam
1674 942 1755 987 nemo
1778 943 1848 986 rect·

503 998 617 1059 curba
636 996 696 1057 XV.
1050 1029 1117 1105 pm·

199 1131 205 1184 i
236 1125 322 1184 llemo
335 1121 409 1182 enim
424 1119 553 1178 clericam
577 1113 727 1190 quemlibet
752 1111 778 1170 in
802 1109 911 1184 publico
933 1121 999 1166 exa·
1355 1116 1471 1177 cupiit*
1488 1115 1548 1175 xv.

201 1219 301 1288 minet,
315 1216 368 1275 ⁰1⁵¹
383 1215 411 1271 1¹¹
424 1212 551 1271 θθθῐθὸῑθ·
1086 1213 1172 1272 Nemo
1191 1213 1264 1271 enim
1280 1211 1408 1271 clericum
1423 1209 1572 1286 quemlibet
1583 1210 1611 1267 io
1624 1209 1731 1282 publico
1743 1205 1849 1266 exarui·

494 1323 610 1388 caput·
628 1321 699 1382 xvi.
1051 1315 1115 1377 net,
1129 1307 1181 1364 nisi
1195 1307 1223 1363 in
1234 1305 1360 1364 ecclesia.

191 1489 194 1498 -
235 1452 323 1510 Nemo
336 1447 409 1507 euim
421 1443 555 1511 clericus,
572 1441 615 1500 uel
628 1437 773 1506 diaeonus,
789 1444 837 1492 aut
860 1397 1001 1507 presbyter
1088 1493 1174 1552 Nemo
1187 1491 1258 1552 enlm
1271 1395 1597 1552 clericclgtffifflhm
1637 1497 1685 1546 m
1706 1486 1851 1561 presbyter

201 1639 274 1696 niam
286 1634 375 1696 omuis
386 1633 462 1690 curia
475 1646 491 1686 a
503 1643 601 1686 cruore
623 1625 730 1694 dicitur,
748 1633 776 1681 et
793 1619 944 1680 immolatio
964 1619 1002 1676 si·
1051 1596 1164 1660 Pmffle‘
1177 1601 1286 1644 ΨΜ
1308 1601 1384 1643 ⁵⁰³¹¹¹
1408 1585 1559 1658 ‘immnbet
1580 1584 1662 1641 *⁰¹¹⁰*
1683 1583 1712 1639 ¹¹¹
1726 1582 1850 1648 Wlfflin

218 1733 383 1792 ,ulmorum
402 1737 454 1786 εει.
469 1724 546 1796 Quod
569 1723 593 1780 si
608 1722 669 1795 quis
690 1719 805 1778 clericus
820 1718 847 1774 in
869 1716 943 1774 curia
959 1715 1001 1771 in,
1052 1680 1179 1752 quoniam
1193 1681 1282 1737 omnis
1295 1681 1371 1737 curia
1385 1694 1400 1734 a
1414 1693 1511 1736 cruore
1526 1678 1636 1746 dicitur,
1656 1686 1685 1733 et
1699 1674 1852 1733 immolatio

1013 1774 1257 1838 Bsimulacrorum
1272 1783 1323 1830 est.
1348 1770 1480 1841 Qttoniam
1494 1771 1518 1827 si
1531 1771 1592 1842 quis
1612 1769 1730 1826 ciericos
1751 1768 1779 1824 in
1803 1783 1853 1825 cu·

1050 1869 1119 1925 riam
1142 1867 1292 1936 introierit,
1318 1865 1462 1923 anathema
1481 1865 1628 1938 suscipiat,
1649 1876 1786 1936 nunquam
1807 1870 1853 1917 re·

1051 1961 1129 2018 diens
1141 1960 1175 2018 ad
1195 1970 1310 2018 matrem
1324 1959 1477 2018 eeclesiam.
1500 1961 1522 2015 tt
1546 1958 1738 2016 communione
1758 1951 1851 2012 autern

1052 2069 1106 2112 oon
1120 2051 1242 2126 priaetur
1254 2061 1366 2126 propter
1379 2061 1486 2124 tempus
1500 2050 1649 2108 turbidum.

1344 2167 1458 2226 CAPUT
1475 2166 1558 2224 xvll.

1087 2263 1173 2325 Nemo
1193 2264 1266 2322 enim
1282 2278 1444 2342 quemquam
1460 2267 1617 2333 peccantem
1631 2257 1759 2316 clericum
1775 2240 1852 2316 cade

1051 2358 1176 2430 attingat,
1190 2372 1244 2414 non
1259 2355 1410 2429 presbyter,
1423 2370 1476 2410 iton
1487 2353 1628 2420 diaconus,
1644 2368 1698 2409 non
1708 2353 1852 2424 opiscopus

1053 2468 1133 2526 supra
1154 2453 1283 2510 clericum
1304 2451 1346 2508 uel
1371 2450 1530 2506 servitorem
1545 2446 1667 2505 ecclesie
1690 2444 1724 2502 ad
1747 2445 1851 2502 cedern

1053 2546 1193 2620 perducat.
1205 2544 1258 2603 Sed
1265 2543 1289 2602 si
1300 2545 1338 2601 ita
1349 2558 1429 2600 causa
1435 2541 1518 2614 exigit
1530 2539 1631 2608 cleriei,
1647 2538 1701 2596 duo
1714 2525 1853 2610 prirentur

1055 2641 1177 2710 lionore,
1203 2648 1234 2696 ut
1257 2639 1420 2712 penitentes
1443 2635 1477 2693 ad
1500 2644 1614 2693 matrem
1636 2633 1796 2691 Ecclesiam.

486 2779 600 2841 CAPUT
617 2777 713 2837 XVlll.
1337 2751 1453 2812 CAPUT
1471 2750 1566 2809 xttu.

238 2905 323 2964 Nemo
336 2903 408 2962 enim
423 2902 553 2960 diaconus
564 2897 695 2955 aduersus
709 2891 885 2967 presbyteros
907 2885 1002 2946 aderat
1059 2918 1063 2928 .
1089 2850 1175 2908 N⁰¹¹¹⁰
1187 2850 1259 2907 ‘⁰¹¹⁰
1278 2849 1410 2906 (ΗΜΘΝ
1423 2845 1555 2904 'dmm
1576 2843 1765 2918 imbiberunt
1785 2837 1854 2913 offe,-

201 3003 304 3062 crimen
315 2995 499 3074 turpitudinis.
1055 2953 1099 3002 m
1111 2945 1215 3002 crimen
1230 2941 1466 3092 turpiwdiggsppp
1484 3030 1558 3090 m,

497 3083 612 3145 CAPUT
631 3081 703 3141 XIX.
1837 3087 1841 3092 .

237 3197 323 3256 Nemo
341 3193 414 3252 euim
430 3190 572 3264 presbyter
592 3203 607 3243 a
630 3185 674 3243 die
696 3195 766 3241 onus
780 3177 940 3254 presbyterii
956 3179 1038 3245 suc
1054 3126 1855 3307 wffiffiffisslffibsiioegelgfeitlgnggebfflffiiffi

203 3290 486 3365 matconjupinm,ut
506 3283 602 3356 siquis
624 3280 747 3352 neglecto
769 3275 882 3343 exierit,
898 3271 1001 3331 duode-
1158 3327 1190 3341 Η
1307 3322 1315 3336 ‚
1367 3323 1373 3336 ,
1647 3319 1653 3331 ,
1716 3316 1722 3329 ,

1053 3345 1117 3387 eum
1139 3326 1256 3385 ductmus
1273 3337 1376 3397 prtrart
1400 3321 1514 3378 bonore.
1529 3318 1608 3388 Quod
1631 3333 1653 3374 st
1677 3333 1740 3388 puts
1759 3327 1855 3372 coratra

203 3387 256 3444 cim
270 3385 348 3441 anolo
363 3397 425 3440 cum
439 3378 555 3436 dicimus
568 3373 668 3447 privari
682 3371 796 3428 bonore.
813 3366 889 3436 Quod
903 3366 926 3422 si
940 3365 1001 3438 quis
1188 3419 1194 3430 ,
1704 3411 1710 3423 ,
1836 3409 1843 3421 ,

204 3477 277 3535 bunc
290 3472 488 3549 cyrographum
502 3473 666 3542 praesentem
681 3473 709 3522 et
721 3462 829 3536 publica
846 3459 932 3533 egerit
944 3457 1003 3514 dic-
1053 3421 1126 3527 ΨΜ
1152 3415 1362 3490 ⁰¹¹¹¹⁰⁸npb¹¹m
1390 3423 1552 3522 mmm
1574 3427 1608 3469 ²⁰
1637 3411 1746 3483 p⁰b¹¹⁰⁰
1768 3417 1857 3481 ’μω

1053 3515 1178 3581 ductum,
1192 3511 1391 3570 condemnetur
1405 3525 1432 3567 ut
1446 3515 1619 3581 perpetuum.

203 3581 261 3630 tum
275 3567 510 3630 coodeunteturin
526 3559 698 3638 perpetuum.
1358 3602 1473 3660 CAPUT
1493 3601 1554 3659 xx·

198 1823 481 1895 troierit,anatbema
504 1818 649 1890 suscipiat,
673 1829 808 1888 nunquam
833 1811 942 1870 rediens
965 1808 1000 1866 ad

201 1930 316 1980 matrem
336 1916 490 1978 ecclesiam.
506 1910 734 1970 Acommunione
748 1917 838 1965 autem
863 1920 918 1962 non
943 1901 1000 1976 pri-

201 2003 670 2086 ueturproptertempusturbidom.

491 2120 605 2182 CAPUT
624 2117 707 2177 ltili.

238 2222 323 2282 Nemo
336 2221 409 2278 enim
420 2231 581 2292 quemquam
595 2221 753 2286 peccantem
773 2208 902 2268 clericum
925 2205 1001 2264 crode

202 2320 332 2392 attingat,
348 2313 571 2387 conpresbyter,
588 2322 642 2366 non
656 2307 804 2374 diaconus,
827 2317 881 2360 non
895 2301 1001 2373 episco-

127 2471 130 2474 .
203 2429 253 2488 pus
267 2427 348 2484 supra
360 2411 489 2469 clericum
498 2407 541 2464 uel
551 2405 711 2462 servitorem
719 2399 843 2458 ecclesie
851 2398 884 2455 ad
897 2397 1000 2455 cadem

203 2509 344 2582 perducat.
358 2503 412 2563 Sed
429 2503 452 2559 si
468 2501 505 2558 ita
518 2513 598 2557 caasa
617 2495 700 2569 erigit
712 2492 823 2561 clerici,
839 2490 929 2548 triduo
943 2489 1001 2561 pri·

201 2610 281 2686 vetur
292 2599 406 2669 bonore,
420 2605 449 2654 at
465 2593 629 2668 prenitentes
642 2589 756 2647 redeant
770 2584 805 2642 ad
819 2592 934 2642 matrem
948 2582 1000 2638 Ec·

201 2693 322 2754 elesiam.

508 3675 622 3738 CAPUT
641 3675 702 3734 xx·
1093 3699 1181 3758 Nemo
1204 3700 1277 3757 enim
1300 3695 1432 3771 judicabit
1455 3696 1571 3767 primam
1592 3692 1702 3762 sedern,
1727 3692 1858 3765 quonism

239 3803 326 3864 Nemo
338 3802 411 3861 enim
427 3797 556 3872 diiudicet
567 3797 681 3870 primam
696 3793 791 3852 sedem
802 3791 918 3866 justitie
932 3787 1004 3847 desi·
1059 3810 1155 3854 omnes
1166 3793 1246 3852 sedes
1258 3809 1273 3849 a
1285 3792 1371 3864 prima
1385 3789 1450 3848 sede
1462 3788 1595 3861 justitiam
1608 3786 1766 3845 desiderant
1788 3793 1859 3842 tem-

203 3897 304 3958 delfflss
329 3893 495 3967 impertiri,
523 3906 613 3963 neque
636 3888 671 3945 ab
692 3888 833 3960 Augusto,
859 3899 946 3957 nepae
969 3881 1005 3939 ab
1059 3888 1159 3962 perani.
1174 3886 1269 3958 Neque
1288 3886 1323 3941 ab
1344 3887 1482 3956 augusto,
1507 3897 1595 3955 neque
1610 3883 1644 3938 ab
1666 3880 1741 3938 ouini
1765 3878 1859 3946 clero,

203 3991 278 4050 omni
302 3989 387 4054 clero.
410 4003 499 4060 neque
513 3983 632 4057 retibus.
660 3995 780 4054 boquea
807 3977 906 4052 populo
920 3973 1005 4048 judex
1056 3998 1146 4056 neque
1160 3998 1176 4038 a
1192 3981 1322 4054 regibus,
1336 3993 1424 4050 neque
1441 3994 1455 4033 a
1471 3977 1571 4049 populo
1582 3975 1665 4049 judex
1677 3974 1857 4048 judicabitur.

201 4081 376 4158 iudicabitur.
391 4077 655 4149 Etsabscripserunt
668 4073 777 4132 ducenti
790 4071 1005 4144 octogintaqua-
1056 4077 1092 4133 Ει
1118 4075 1338 4146 subscripserunt
1359 4069 1470 4128 nocenti
1504 4071 1640 4142 <mogum
1662 4079 1781 4142 (puppo,
1798 4067 1860 4139 epi·

203 4189 266 4236 ²¹¹⁰r
278 4173 416 4248 θβῑῦθῡβῑ.
440 4182 468 4231 0²
491 4169 671 4244 quadraginta
692 4169 811 4241 quinque
833 4161 1004 4238 illessbylsrl·
1056 4167 1150 4241 scopi,
1165 4177 1194 4224 ct
1206 4165 1386 4241 quadraginta
1399 4165 1518 4236 qutinnue
1529 4164 1687 4237 presbyter,
1699 4172 1728 4220 et
1739 4150 1861 4235 quinque

204 4268 362 4342 etquinque
375 4265 498 4332 diaconi,
511 4273 539 4320 et
560 4262 613 4320 dato
634 4271 795 4333 sequentes,
821 4266 849 4315 et
869 4258 1006 4330 Augustus
1057 4262 1203 4328 diacona,
1217 4269 1246 4318 ep
1260 4259 1315 4317 duo
1334 4268 1499 4330 sequana,
1516 4267 1545 4316 et
1562 4259 1701 4331 Augusta,
1721 4254 1861 4316 emm,

204 4365 415 4430 constantinus,
431 4371 459 4418 et
473 4369 563 4417 mater
575 4358 634 4430 cius
649 4357 761 4415 lielena.
781 4355 817 4412 Et
839 4355 898 4413 linit
921 4369 1003 4412 cana-
1059 4358 1131 4415 tinas
1141 4397 1151 4425 ,
1163 4366 1193 4414 et
1204 4364 1293 4418 mater
1305 4354 1364 4426 ejus
1375 4353 1489 4410 llelena.
1504 4353 1539 4409 itt
1558 4351 1617 4408 lixit
1637 4365 1770 4408 annonem
1785 4349 1861 4406 nnnc

206 4475 268 4518 nem
281 4459 354 4515 ltunc
368 4456 499 4514 silvester
512 4453 657 4524 episcopus
678 4449 754 4508 urbis
767 4449 880 4518 Romae,
905 4455 933 4506 et
945 4463 1014 4506 ont-·
1059 4451 1192 4508 silvester
1204 4447 1385 4520 episcopusin
1400 4445 1467 4502 urbe
1481 4447 1586 4514 Roma,
1605 4455 1633 4502 et
1655 4444 1784 4502 ominibus
1801 4443 1862 4514 epi.

205 4552 284 4610 nibus
295 4549 431 4622 episcopis
443 4545 570 4618 aspersit.
584 4543 681 4601 Actum
692 4543 719 4598 in
730 4540 1004 4612 Trajauastbermas,
1059 4543 1149 4614 scopis
1160 4542 1286 4613 aspersit.
1299 4542 1415 4597 dctuum
1430 4539 1457 4594 in
1468 4537 1599 4609 Traianae
1610 4535 1780 4605 tbermas‚.3
1797 4534 1860 4590 llal.

205 4647 223 4702 5
238 4644 368 4704 kalendas
376 4641 459 4710 lunii,
473 4639 570 4697 bonno
579 4634 759 4694 Constantina
771 4632 895 4711 Augusto
907 4631 1006 4700 tertio,
1060 4633 1150 4701 lunii,
1163 4632 1260 4690 bonno
1272 4629 1452 4690 Constantino
1462 4627 1584 4703 Augusto
1597 4628 1692 4698 tertio,
1717 4637 1746 4685 et
1768 4626 1862 4685 Prisco

206 4746 235 4798 et
248 4736 340 4798 Prisco
353 4735 475 4796 consule.
1060 4725 1183 4784 consule.

835 4869 1000 4932 SElllllllNl
1018 4867 1098 4928 lllNll
1116 4865 1233 4926 ΝΟΜ.

243 5022 318 5082 Atta
330 5037 395 5077 onus
409 5017 558 5092 presbyterii
570 5027 655 5075 sumat
667 5015 828 5091 conjupium.
845 5012 898 5071 Per
911 5012 1006 5083 aoniu-
1059 5010 1140 5081 iudea
1153 5005 1325 5082 judicabitur,
1348 5005 1420 5062 baud
1441 5003 1549 5060 dubium
1571 5004 1635 5075 poia
1657 5002 1857 5060 teoledocticats.

226 5097 280 5155 inm
295 5095 346 5151 boc
360 5093 420 5150 tooo
442 5105 503 5148 cuut
520 5089 628 5148 loemina
651 5087 857 5147 contubernium
874 5085 1005 5156 intellige.
1097 5078 1266 5137 Constantino
1279 5080 1318 5133 Au
1338 5086 1394 5132 usto
1406 5075 1473 5142 lli,
1489 5085 1513 5132 et
1528 5075 1623 5131 Prisco
1637 5076 1797 5132 consulibus.
1812 5077 1862 5149 flio

207 5116 326 5229 {lotorem
355 5165 461 5246 duceret
483 5176 537 5216 non
569 5171 670 5217 tarnum
704 5159 885 5242 presbyteris,
911 5170 1005 5212 uerum
1060 5151 1205 5224 legendum
1221 5163 1298 5218 esse,
1312 5095 1861 5220 &nepueuConstantinolllmomuutn,

209 5243 289 5300 etiam
305 5237 477 5294 subdiaconus
491 5233 544 5288 boc
557 5233 671 5288 concilio
684 5229 861 5302 probibuium
883 5235 935 5285 est.
952 5227 1007 5284 lta·
1062 5226 1113 5296 ipsi
1126 5221 1201 5279 Fasti
1213 5220 1373 5279 consulares
1386 5219 1494 5276 docent.
1507 5217 1626 5276 benun
1646 5219 1700 5276 boc
1715 5220 1777 5274 loco
1798 5233 1861 5276 cnr.

209 5330 262 5386 que
275 5309 395 5368 mulieris
409 5313 542 5375 suspecta.
555 5301 761 5359 contubernium
774 5298 913 5356 uitandum
926 5313 1005 5365 esse,
1060 5305 1170 5366 ruptum
1183 5308 1261 5357 esse,
1276 5293 1375 5349 mirum
1390 5307 1444 5348 non
1457 5300 1516 5356 est,
1530 5305 1591 5348 caan
1613 5291 1659 5346 aix
1681 5307 1767 5347 unum
1791 5291 1861 5347 inte·

209 5373 613 5453 subpoenaea,ouaeadditur,
629 5371 906 5429 seriodemandnann.
978 5390 982 5403 ’
1059 5366 1416 5441 pronaversuminaeuias,
1431 5364 1552 5434 inquem
1565 5363 1760 5418 tncntlumnon
1776 5363 1862 5432 irrep-

247 5456 332 5512 Nema
344 5453 410 5508 eniur
424 5448 556 5522 dijudicet.
574 5445 651 5502 llnnc
664 5458 795 5499 canonem
811 5441 937 5499 Nicolans
951 5441 1006 5497 lio-
1059 5439 1137 5495 serit.
1152 5435 1228 5506 Quod
1243 5437 1321 5493 initio
1342 5433 1483 5490 annuisti.
1503 5431 1643 5505 Crispusa
1660 5443 1735 5506 patre
1756 5434 1863 5491 occisus

210 5541 307 5588 manus
331 5521 451 5596 pontifex
475 5521 574 5576 citasse
597 5517 670 5571 uisus
692 5521 749 5581 est,
774 5527 835 5568 cum
858 5513 929 5569 iuter
954 5512 1007 5567 alia
1061 5507 1160 5577 luerit,
1175 5508 1254 5579 bajus
1268 5505 1364 5578 synodi
1379 5507 1522 5562 celebrate
1545 5506 1658 5575 tempori
1681 5505 1748 5561 nituit
1761 5507 1861 5561 omar,

211 5600 309 5670 tinibus
320 5596 499 5653 temeritatem
512 5587 653 5648 llicbnelis
665 5585 833 5655 imperatoris
850 5583 1006 5655 redarpuit,
1060 5582 1164 5651 Quibus
1187 5579 1260 5636 euim
1283 5577 1444 5636 cottsulibus
1466 5591 1555 5632 antuus
1578 5577 1762 5646 aperiebatur,
1775 5587 1805 5633 et
1815 5577 1862 5633 de-

212 5671 302 5728 sieait
322 5686 331 5726 a
351 5665 481 5724 Consonat
503 5663 563 5718 ituit
583 5659 732 5717 necessarior
752 5655 884 5712 sententiat
904 5664 1007 5712 sauctus
1061 5652 1198 5711 naminari
1220 5649 1376 5722 incipiebat,
1400 5648 1494 5706 iisdem
1521 5648 1601 5706 etiarn
1625 5649 1767 5720 usquead
1782 5651 1860 5704 finem

214 5743 335 5800 silvester
350 5747 374 5794 et
387 5737 474 5810 nopai
488 5732 646 5792 conaturum
661 5729 812 5800 baptizator,
828 5727 934 5784 dictur:
950 5724 1008 5800 lle·
1061 5723 1230 5781 denominari
1239 5720 1448 5796 perseuerebat3
1460 5719 1674 5785 licetdeinuetis,
1687 5721 1730 5778 uel
1745 5721 1860 5777 aliterue

215 5829 263 5886 pue
276 5811 308 5866 ab
318 5810 448 5882 dupusto,
463 5823 543 5880 napae
555 5807 587 5864 ab
602 5802 672 5860 omni
682 5799 769 5869 clero,
782 5815 863 5872 neque
881 5795 1006 5872 opopalo
1061 5795 1259 5867 abdicantibus,
1271 5793 1318 5851 alii
1333 5791 1360 5851 in
1375 5791 1465 5851 locum
1480 5793 1599 5865 ipsontm
1613 5791 1718 5851 suumn
1737 5792 1858 5859 luissent,
