3975 6292
246 11 351 67 invenit
372 10 441 68 duos
455 13 598 83 episcopos
616 9 717 82 (potina
739 8 924 82 presbyteras)
939 23 1054 65 consen·
1105 22 1168 67 runt
1183 13 1288 83 aliquos
1300 13 1345 84 qui
1359 29 1393 70 cx
1405 13 1470 69 larse
1485 13 1583 69 Ariana
1598 21 1685 80 erant,
1701 15 1808 82 etamsi
1823 14 1876 70 laeto

257 105 345 161 lentes
371 103 530 161 Cairistamio
551 107 672 175 Angusto
695 103 807 170 Ariana,
843 102 951 158 nornine
969 101 1053 159 Ursa·
1106 106 1233 174 concilio,
1250 107 1324 162 misit
1343 116 1371 163 et
1393 108 1528 163 revocavit
1544 107 1679 162 Liberium
1701 106 1734 162 de
1747 111 1877 166 cemeterio

251 197 323 255 cium
338 207 367 254 et
380 197 533 266 Valentem,
550 205 578 252 ct
597 196 736 252 damnanti
747 211 795 252 eos
816 196 843 250 iri
858 195 975 257 concilia
986 209 1055 267 qna·
1106 201 1192 258 beata
1206 201 1328 272 Agnetis,
1344 201 1389 257 ubi
1402 201 1519 257 sederat.
1536 200 1571 258 Et
1586 201 1723 272 ingressas
1737 201 1877 266 itomanam

252 289 376 362 draginta
391 301 453 346 ooto
465 289 666 360 episcopomni.
678 287 744 344 Post
761 303 863 358 paucos
881 295 971 343 autem
983 287 1053 354 dies,
1107 293 1164 363 ipsa
1180 292 1245 348 liora
1264 289 1438 350 Constantius
1451 294 1587 365 Angustus
1608 292 1670 350 lecit
1684 294 1817 350 concilium
1832 311 1878 352 curii

250 384 392 441 zeloducti
405 383 571 441 Ursaciuset
584 381 1054 455 valeasrigarernaiConstanttnra
1108 385 1252 452 haereticis,
1274 387 1353 442 simul
1375 385 1456 443 etiam
1480 403 1540 443 cnm
1556 386 1669 445 Ursacio
1689 398 1717 443 et
1733 387 1842 456 valane,
1860 401 1879 446 et

251 481 413 552 Aiigiisiuni‚
436 488 465 535 nt
482 488 623 536 resecaret
643 479 780 536 Lilieririm
800 480 834 536 de
852 479 987 543 callimus
1003 495 1054 536 titia
1107 476 1188 550 eiecit
1201 477 1318 535 Felicem
1333 478 1554 552 despicabatur,
1570 481 1614 552 qui
1631 489 1690 536 erat
1707 481 1880 548 catholicuset

253 581 359 630 tantum
388 575 580 630 communione
601 575 784 646 participaret,
806 583 882 630 eitra
906 575 1054 632 secundum
1107 568 1242 626 revocarit
1267 569 1416 628 Liberium.
1437 571 1479 628 Ab
1498 573 1592 628 eodem
1615 571 1660 630 die
1685 571 1735 628 luit
1757 576 1880 643 persecutio

248 666 414 735 baptismum
429 669 491 737 (ab,
506 683 588 724 uriam
608 677 712 722 latrium
733 669 951 724 communionem
973 668 1056 738 parti·
1108 663 1225 717 tttaiilma
1242 663 1268 718 lti
1283 663 1368 730 clitro,
1384 663 1419 718 iia
1436 673 1464 720 iil
1480 665 1547 719 lttictt
1561 664 1704 721 eeclesiam
1719 666 1851 740 presbyteri
1863 677 1882 724 cl

248 759 352 830 ciperet
366 773 480 833 excepto
494 759 686 833 rebaptizare).
701 759 778 816 Furie
793 762 874 817 missa
893 759 1055 816 anctoritate
1108 757 1198 813 clerici
1215 756 1306 825 pinnas
1321 769 1494 822 necarentur,
1511 766 1538 812 et
1556 758 1686 830 martyrio
1705 771 1881 814 coronarentur.

247 853 461 924 percarntinum
475 869 598 926 ageniem
611 855 638 912 in
652 854 876 923 remissionum
889 855 1056 912 Urmoinset
1107 849 1157 919 Qui
1176 848 1262 916 Felix,
1278 849 1422 922 depositus
1433 850 1467 906 de
1482 851 1639 924 episcopani
1655 851 1782 908 habitarit
1794 853 1817 908 iii
1830 869 1882 924 pra·

248 947 350 1004 llaleiia
363 949 538 1004 veneruntad
553 947 701 1005 Liberium.
714 948 763 1016 Qui
776 948 901 1004 Liberius
915 947 1055 1004 consensit
1108 942 1180 1000 dioto
1193 959 1253 1011 siro,
1279 943 1321 998 ria
1343 943 1497 1012 Pnrtuensi,
1520 943 1566 1000 ulii
1590 954 1618 1000 ct
1638 946 1771 1014 requierit
1789 946 1812 1000 in
1835 961 1884 1014 paee

247 1040 394 1112 praeceptis
408 1041 533 1111 Augusti.
548 1039 627 1096 'lianc
647 1049 845 1098 revocaverunt
866 1039 1005 1096 Liberium
1020 1037 1055 1095 de
1107 1045 1203 1108 quarto
1217 1034 1345 1093 kalendas
1355 1037 1479 1108 Augusti.
1492 1035 1632 1107 Ingressus
1642 1037 1766 1094 Liberius
1775 1039 1799 1094 iii
1811 1039 1882 1094 urben

247 1133 340 1191 exitio.
356 1133 475 1192 Rediens
488 1143 578 1190 autern
591 1134 716 1190 Liberius
730 1134 765 1191 de
779 1135 863 1191 exilia
874 1133 1009 1191 babitavit
1027 1133 1053 1190 iii
1108 1131 1221 1186 lloiiiam
1237 1137 1333 1202 quarto
1348 1127 1437 1185 Nonas
1457 1128 1581 1201 Aiigrrsti,
1597 1133 1737 1188 conscosit
1755 1131 1884 1188 Constantio

248 1229 408 1285 caemeterio
421 1236 522 1284 sanctae
536 1227 648 1299 Agnetis
662 1225 734 1297 apud
745 1242 902 1299 germanam
918 1226 1053 1284 Constan-
1068 1234 1092 1294 Β
1105 1225 1242 1290 tiaeretica,
1261 1239 1313 1278 non
1330 1231 1419 1278 tamen
1444 1222 1626 1293 rebaptizatus
1646 1235 1700 1293 est,
1726 1224 1771 1280 sed
1793 1239 1884 1280 conscii-

249 1321 280 1376 tii
296 1321 419 1393 Augusti,
434 1329 462 1374 ιιι
475 1320 551 1390 quasi
567 1336 616 1392 per
634 1320 693 1389 ejas
708 1320 935 1376 interventionem
949 1328 994 1375 aut
1008 1335 1053 1376 ro-
1106 1335 1166 1375 suiii
1182 1316 1305 1388 prsebuit.
1322 1315 1356 1372 Et
1377 1317 1462 1371 lenuit
1476 1316 1602 1372 basilicas
1616 1318 1687 1373 beati
1707 1316 1776 1374 Petri
1795 1328 1819 1373 et
1832 1319 1883 1375 liciti

248 1424 341 1488 gatiam
355 1414 455 1470 rediret
471 1413 594 1470 Liberius
608 1414 636 1469 iri
648 1414 795 1470 civitatem.
808 1412 885 1470 Tunc
897 1413 1054 1470 Constantia
1108 1411 1197 1474 Pauli,
1209 1421 1236 1468 ct
1249 1409 1386 1466 basilicam
1400 1407 1649 1466 Constantinianum
1665 1413 1744 1468 arinis
1762 1425 1804 1467 seii
1819 1411 1882 1485 (inno,

247 1508 380 1578 Augusta,
400 1522 461 1573 uuae
480 1507 569 1562 baetis
583 1517 643 1562 erat
658 1507 773 1562 uantao
790 1506 856 1563 lesu
873 1506 994 1572 Cliristo,
1007 1523 1056 1562 no·
1107 1503 1227 1579 septem).
1242 1505 1274 1562 Et
1288 1504 1440 1577 persecutio
1455 1488 1559 1577 inagna¹
1572 1505 1621 1562 luit
1636 1506 1663 1560 iii
1684 1507 1751 1562 urbe
1763 1507 1846 1572 lionia,
1858 1508 1884 1561 ita

249 1597 301 1655 init
315 1613 411 1673 rogare
423 1597 611 1656 Constantium
625 1598 776 1672 Augustum
790 1614 950 1671 germanum
962 1615 1054 1667 suuni,
1109 1608 1138 1656 ut
1151 1600 1244 1656 clerici
1264 1607 1292 1654 et
1315 1598 1482 1666 sacerdotes,
1501 1613 1590 1671 oeque
1604 1599 1631 1655 iti
1654 1599 1805 1666 ecclesiam,
1818 1613 1883 1671 iisqne

861 1715 967 1773 NOTAE
1006 1715 1168 1774 salamini
1187 1715 1278 1773 BlNll.

249 1829 349 1885 seraper
363 1814 536 1881 consensisse,
550 1823 574 1869 et
588 1813 703 1874 omnino,
719 1819 844 1882 quantum
857 1811 892 1865 ad
906 1811 1056 1880 religionem
1112 1819 1170 1866 tore
1182 1817 1332 1879 acceperat,
1345 1808 1430 1864 boma
1437 1808 1564 1881 expulsus
1573 1807 1632 1865 luit.
1646 1809 1726 1866 Prior
1739 1810 1834 1866 vexatio
1843 1810 1883 1864 eii·

248 1887 407 1958 pertinebat,
422 1887 620 1954 reprehensione
633 1885 762 1949 caruisse,
777 1895 853 1948 aterne
873 1881 905 1937 ab
924 1883 951 1935 id
971 1881 1056 1937 ruluni
1110 1882 1175 1937 lium
1187 1898 1193 1936 :
1204 1883 1337 1952 posterior
1346 1883 1459 1951 simplex
1474 1892 1576 1936 tantum
1589 1884 1623 1938 ab
1637 1883 1706 1936 urbe¹
1719 1882 1831 1950 expulsio
1840 1882 1881 1936 init.

247 1959 276 2011 iii
289 1957 386 2012 emman
400 1968 517 2012 nacatnrii
531 1973 601 2023 erre,
623 1956 692 2028 quod
711 1971 763 2009 nori
782 1954 859 2010 moda
877 1953 988 2008 Aricinos
1007 1955 1056 2007 nii·
1110 1953 1189 2009 Prior
1207 1952 1319 2024 coirtiglt
1332 1952 1473 2008 Mediolani
1492 1968 1563 2008 anno
1582 1951 1685 2008 Clirtsti
1697 1951 1761 2018 555,
1776 1955 1883 2025 posterior

249 2030 346 2084 nistros
364 2030 479 2085 ecclesie
496 2031 649 2094 ordinaret,
669 2043 758 2082 unani
777 2029 853 2080 etiam
875 2026 944 2098 guad
967 2040 1057 2079 earum
1110 2025 1223 2094 contigit
1248 2025 1341 2080 lloiriae
1364 2033 1425 2094 post
1450 2025 1620 2081 Arinilocnse
1646 2027 1807 2092 concilium,
1831 2039 1883 2080 aiino

249 2102 428 2155 communione
442 2109 565 2156 armetur.
582 2100 629 2157 Sin
643 2098 847 2170 intelligendum
867 2106 909 2152 est
928 2099 998 2167 qnod
1019 2097 1057 2152 ait
1111 2094 1208 2152 Cliristi
1225 2095 1288 2152 359.
1305 2097 1398 2151 Priore
1412 2099 1554 2152 vexatione
1570 2097 1716 2163 liberatus,
1734 2097 1882 2152 imbellium

249 2170 355 2227 Socrat.
370 2172 455 2235 libii,
471 2187 530 2243 cap.
547 2171 594 2238 29,
610 2171 727 2227 Felicem
742 2169 850 2225 Arianae
862 2179 943 2224 sectae
963 2169 1056 2223 addic·
1112 2184 1193 2238 ripato
1205 2169 1230 2222 iri
1241 2167 1363 2224 ebronis.
1379 2167 1488 2224 Romam
1502 2170 1577 2237 anari
1587 2170 1668 2224 matur
1678 2169 1780 2222 intrarii
1798 2169 1882 2223 :inari-

249 2252 305 2298 tnni
327 2241 425 2299 livisse:
447 2243 589 2308 niiiiirrrin,
610 2241 681 2314 qiiod
704 2243 758 2297 illis
778 2244 1007 2306 eoinmiioicaret,
1030 2249 1058 2296 et
1112 2255 1154 2294 ma
1169 2241 1240 2294 raim
1258 2241 1882 2310 pinnpaperConstantiiministrosinurbenriii·

249 2329 283 2370 ex
307 2330 401 2370 eornm
427 2315 567 2370 voluntate
586 2315 729 2370 sententiat
750 2314 776 2367 lii
797 2312 972 2368 Athanasium
997 2312 1059 2367 latae
1113 2313 1253 2366 troduettis
1267 2311 1326 2367 luit.
1344 2312 1437 2382 ltaque
1451 2313 1523 2384 quod
1546 2315 1588 2366 liic
1609 2315 1635 2367 lo
1656 2312 1814 2368 suburbanis
1828 2326 1882 2366 cam

248 2386 464 2458 subscripsisset.
477 2387 522 2453 st,
537 2387 608 2456 anaia
624 2395 700 2441 airiiit
725 2382 838 2439 liulraus
848 2395 878 2438 et
892 2383 1057 2440 Tlieodoret.
1112 2393 1232 2439 inaratae
1248 2383 1330 2438 luisse
1344 2384 1450 2448 dicitur,
1467 2401 1519 2439 non
1536 2384 1585 2439 nisi
1600 2392 1662 2455 post
1676 2384 1816 2440 secundam
1829 2384 1882 2438 illan

250 2455 327 2513 Felix
344 2457 425 2514 tuerit
444 2459 576 2514 diaeonus
597 2457 716 2521 Lilierii,
738 2457 848 2511 dutiiurn
872 2456 975 2510 nullom
997 2469 1058 2510 esse
1111 2454 1255 2510 allaleiite
1268 2454 1369 2510 illatam
1385 2456 1553 2512 venationem
1569 2457 1718 2524 contigisse
1732 2457 1821 2527 potuit.
1835 2455 1882 2508 liti

250 2538 355 2600 potest,
381 2531 468 2600 ipsum
493 2530 656 2586 carboliemii
681 2529 773 2584 luisse.
797 2527 863 2582 llam
884 2536 914 2581 ιιι
935 2525 1058 2582 Liberius
1112 2537 1189 2581 notas
1209 2527 1402 2582 Siroiiensiset
1416 2528 1591 2584 Ariinnrensis
1610 2528 1730 2583 concilii.
1747 2527 1806 2583 ltein
1819 2527 1882 2582 Bari·

249 2602 381 2657 Ariaiiom
397 2617 495 2657 nornen
511 2617 621 2668 semper
636 2608 791 2662 aversatos,
814 2597 943 2653 Arianum
964 2598 1056 2653 diaco·
1112 2597 1185 2652 alaim
1202 2611 1273 2652 anno
1287 2597 1340 2654 5511
1356 2615 1429 2656 niini.
1445 2597 1490 2660 ld.
1506 2601 1551 2662 47.
1567 2599 1613 2654 bd.

250 2686 317 2728 iiuiii
333 2672 385 2728 sibi
401 2675 555 2728 ministrare
569 2686 665 2743 passos
680 2671 777 2736 inerit,
792 2686 845 2722 non
861 2681 903 2724 esi
916 2669 1056 2725 credibile.
1073 2641 1096 2706 G
1149 2667 1232 2740 Ejeaii
1249 2669 1359 2724 Felicem
1374 2671 1406 2724 de
1420 2675 1579 2742 errircapatn.
1596 2671 1707 2727 Sanam.
1721 2669 1767 2726 lib.
1783 2685 1816 2734 iv,
1838 2683 1881 2738 cap.

248 2740 328 2810 Quod
351 2743 421 2815 apud
445 2744 602 2816 liberorum.
624 2743 658 2797 de
678 2742 772 2811 script.
793 2739 892 2796 eccles.
913 2742 940 2795 in
961 2741 1060 2796 Acacia
1113 2740 1147 2796 lb
1162 2743 1200 2795 ait
1215 2742 1345 2810 scriptum
1360 2757 1421 2798 esse
1436 2741 1519 2798 Felici
1533 2755 1587 2798 inor
1600 2741 1728 2800 Fauianae
1742 2743 1883 2797 ecclesiari-

251 2829 352 2871 nomen
372 2815 497 2868 Amanum
517 2814 601 2870 Felici
622 2812 743 2868 additum
765 2813 926 2880 reperiatur,
948 2811 1060 2867 mentin-
1111 2813 1202 2879 tiariri',
1219 2822 1242 2869 et
1262 2813 1330 2869 clero
1352 2815 1467 2885 ejsudem
1489 2816 1614 2876 ecciesiae,
1636 2817 1672 2868 ntr'
1697 2815 1819 2869 Liberium
1834 2813 1883 2866 resi·

252 2902 312 2943 suni
323 2900 385 2942 esse
401 2895 474 2946 naret
487 2902 519 2940 er
534 2884 666 2940 clia-orrico
675 2881 914 2938 aliisrecodroibus
925 2882 1059 2951 antiouia-
1111 2885 1201 2954 pinni,
1214 2895 1236 2938 et
1250 2885 1326 2940 antlia
1339 2887 1434 2954 pariter
1447 2887 1532 2942 sedern
1543 2887 1713 2956 apostolicam
1724 2886 1881 2945 administrarit.

252 2959 339 3020 ribus,
350 2968 376 3012 et
387 2954 482 3013 Gra-ea
493 2957 638 3021 Suribrotili
651 2954 807 3011 textu.Vltle
819 2954 918 3009 baraia.
933 2969 977 3009 ari.
993 2952 1058 3020 aad,
1111 2957 1290 3025 communique
1313 2973 1459 3026 consensu,
1484 2968 1507 3013 et
1531 2959 1669 3014 soricordr'a
1698 2958 1831 3014 sacerdotia
1850 2956 1883 3008 t'lli

252 3046 280 3085 ii.
296 3029 332 3085 st
347 3039 373 3082 et
388 3043 465 3098 seon.
479 3028 605 3084 Bellarm.
617 3027 651 3082 dr
666 3026 829 3094 lionipont.
846 3025 894 3081 lili.
904 3041 943 3085 tv.
954 3041 1015 3097 rap.
1030 3029 1058 3082 d.
1111 3028 1260 3099 funguntur.
1287 3034 1341 3083 etc.
1366 3028 1443 3098 Qiiod
1468 3031 1511 3086 liic
1536 3033 1664 3086 asseritur
1675 3031 1712 3085 ab
1722 3041 1824 3086 auctare
1840 3027 1882 3082 libri

290 3100 426 3156 llrsacirrm
441 3113 465 3154 et
486 3099 633 3166 Valentem,
650 3110 674 3153 et
688 3097 819 3152 doarnarit
833 3113 887 3152 eoa.
902 3101 977 3154 circa
994 3099 1059 3154 illud
1112 3099 1288 3170 pontificalis,
1304 3101 1471 3172 probabilius
1485 3117 1545 3157 esse
1561 3102 1674 3158 viderur.

179 3217 185 3226 .
253 3183 376 3237 temnus,
404 3186 458 3244 quo
482 3171 605 3227 Liberius
627 3185 688 3225 enin
720 3168 827 3225 Arianis
856 3171 1060 3227 communicans
1147 3169 1185 3225 Ab
1207 3173 1296 3226 eodeni
1311 3171 1352 3226 die
1366 3173 1572 3246 [uitperseeutia
1587 3173 1741 3229 nranimuin
1756 3169 1883 3228 cleroldei

253 3245 368 3314 turpiter
386 3244 496 3309 labitur,
518 3243 593 3299 Felix
613 3242 771 3298 eorunatem
785 3244 978 3296 coininuniooe
996 3252 1060 3299 ante
1111 3245 1182 3311 quod
1207 3242 1345 3300 Liberium
1372 3247 1513 3301 manilesta
1538 3248 1730 3302 communione
1752 3245 1882 3300 atrianorum

252 3318 390 3388 pollutus,
407 3316 522 3370 iiriraliili
539 3314 586 3369 liei
597 3314 711 3369 consilio
724 3329 756 3368 ae
771 3313 938 3383 providentia
953 3331 968 3368 a
983 3313 1060 3384 lapsu
1111 3314 1262 3384 pollutam,
1281 3324 1362 3386 atque
1382 3317 1450 3373 adea
1464 3331 1480 3369 a
1495 3317 1666 3387 pontilleatus
1682 3315 1814 3372 liiiictione
1825 3314 1883 3384 plan

253 3383 1059 3456 erectus,Coristantrnoi,Ursar·irim,Faleiiterii,nnrnesoue
1111 3387 1246 3452 alienarii,
1262 3391 1404 3443 universus
1418 3388 1507 3443 claros
1521 3388 1657 3444 lioniniius
1671 3398 1840 3450 aversaretur,
1852 3399 1883 3438 sc

253 3459 370 3516 Arianos
381 3459 598 3518 condemnando,
610 3468 637 3512 et
651 3455 921 3514 excommunicando.
933 3471 1058 3512 commu·
1110 3473 1163 3529 one
1183 3457 1265 3514 Felici
1289 3460 1415 3514 vexillarii
1440 3460 1501 3516 llrlei
1523 3461 1664 3517 catholicus
1686 3460 1818 3519 extollenti
1836 3471 1883 3510 cuu-

255 3533 364 3587 intimem
375 3530 533 3585 coronidem
545 3528 663 3598 abrupit,
677 3542 711 3584 oe
723 3527 832 3583 Liberio
842 3528 1058 3596 substituendus,
1108 3528 1248 3601 jungeret,
1263 3541 1387 3600 utsupra
1402 3531 1528 3588 dininas.

253 3603 410 3659 cathedram
425 3600 498 3657 Petri
516 3600 559 3655 rel
575 3605 711 3656 liareseos
724 3601 882 3668 suspicione
889 3603 1057 3670 ciiinqninet.
1149 3601 1274 3674 llartgrio
1289 3616 1481 3658 coronarentur.
1497 3603 1573 3660 'lunc
1586 3605 1734 3674 contigisse
1752 3603 1851 3664 ridetur,
1861 3605 1882 3652 nt

290 3672 355 3729 Part
367 3690 462 3744 pariesi
473 3672 537 3728 dier.
551 3671 619 3728 liiiio
632 3681 709 3726 natas
720 3671 898 3741 epistolarum
911 3671 1012 3727 Liberii
1025 3671 1059 3728 ad
1110 3671 1243 3730 Eusebius
1262 3673 1399 3730 liomanus
1419 3677 1560 3748 presbyter
1578 3691 1592 3730 s
1613 3675 1746 3733 ministris
1763 3669 1881 3731 Corisiaiitii

254 3747 410 3803 orieomlos.
1111 3744 1183 3799 intra
1201 3745 1355 3802 cubiculum
1370 3748 1492 3812 clausus,
1510 3748 1565 3803 illie
1580 3748 1721 3805 aiensibus
1735 3760 1828 3819 septem
1840 3757 1882 3812 err·

292 3817 352 3874 Una
370 3827 471 3872 tantam
490 3816 669 3872 communione
687 3813 856 3886 participaret
875 3823 949 3870 entra
967 3831 1061 3871 recun-
1110 3830 1249 3880 severatis,
1271 3818 1341 3873 lame
1359 3829 1533 3889 eonsuiriptirs
1552 3820 1675 3890 spiritum
1698 3819 1829 3876 exhalarit.
1845 3816 1882 3868 bi·

254 3890 317 3944 dum
343 3890 508 3959 baptismam.
537 3887 602 3943 llaec
625 3885 763 3956 quomodo
787 3887 960 3959 intelligenda
984 3889 1058 3954 sint,
1110 3902 1171 3942 ran.
1188 3891 1213 3942 in
1231 3899 1309 3944 mart.
1327 3891 1397 3946 notis
1411 3891 1454 3947 die
1467 3889 1503 3946 al
1520 3893 1642 3962 Augusti.

255 3960 515 4017 viileioirarrnbis:
532 3959 661 4015 consensit
674 3958 823 4014 Gonataotia
841 3959 978 4026 boeretica,
1006 3977 1058 4016 naii
1148 3958 1198 4028 Qui
1218 3958 1295 4014 Felix
1312 3961 1451 4033 depositas.
1474 3963 1510 4020 ue
1532 3963 1606 4020 caim
1628 3962 1728 4021 Felicis
1750 3963 1820 4019 aliter
1837 3959 1880 4019 liis.

255 4042 339 4088 tunicii
358 4043 382 4087 et
401 4033 548 4105 baptisatus
566 4043 614 4087 est.
1069 4031 1187 4095 Dalller
1203 4033 1229 4088 lti
1246 4031 1304 4086 Vlia
1319 4033 1379 4102 ejus
1392 4044 1486 4090 auctor
1500 4034 1662 4098 poariilioalis
1672 4035 1764 4092 scutit.

292 4102 410 4158 Liberius
424 4106 549 4160 consensit
562 4105 697 4176 praeceptis
710 4101 831 4175 Augusti.
846 4102 899 4159 Per
911 4102 965 4159 vim
979 4103 1059 4160 nimi·
1148 4101 1278 4159 Consentis
1297 4103 1444 4160 Constantia
1463 4107 1600 4176 brennaco,
1621 4123 1674 4162 nori
1695 4117 1777 4162 lauteri
1795 4101 1882 4172 rebapti-

255 4190 336 4239 rum,
361 4185 493 4231 tormenta
517 4187 600 4247 atque
619 4177 728 4231 taedium
746 4173 820 4231 exilii
841 4176 983 4242 indrictns,
1003 4179 1060 4231 Sir·
1111 4183 1183 4230 artua
1203 4186 1248 4230 eii.
1271 4175 1328 4231 llac
1344 4175 1448 4233 ridetur
1468 4178 1606 4246 indicare,
1626 4181 1699 4248 quod
1718 4179 1767 4235 etsi
1786 4175 1881 4234 Liberius

255 4247 374 4302 mianam
387 4245 583 4302 roiilessionem
599 4250 728 4314 primam,
743 4255 824 4317 atqiie
836 4246 977 4302 Athanasii
991 4264 1058 4304 cori·
1111 4262 1172 4304 enm
1189 4248 1294 4302 Arianis
1309 4250 1565 4317 communicaverit,
1581 4266 1634 4306 non
1651 4262 1740 4307 ermen
1754 4251 1829 4306 lictus
1841 4247 1881 4298 luc

255 4316 851 4391 deriinationemsubscribendoapprobiivii,
865 4329 967 4375 etcum
982 4321 1060 4376 Aria·
1112 4320 1145 4374 rit
1162 4318 1276 4374 arianas
1291 4335 1340 4389 per
1354 4322 1501 4376 seciindinn
1523 4321 1700 4392 baptismum,
1721 4338 1772 4395 qua
1789 4313 1881 4376 solerent

257 4390 302 4446 riis
315 4391 535 4444 coirimnriicarit.
1110 4391 1149 4447 illi
1162 4389 1310 4446 catholicas
1323 4391 1356 4445 tid
1371 4407 1401 4447 se
1415 4391 1570 4448 detinentes
1585 4396 1681 4450 iterium
1697 4397 1831 4463 baptizare.
1843 4385 1880 4440 iel

294 4461 407 4516 ldrdiens
422 4460 454 4513 de
468 4460 546 4513 csilio
562 4460 682 4515 initiaris
695 4463 723 4516 ia
737 4462 879 4518 maesia
895 4461 927 4518 S.
940 4462 1057 4534 Agnetis.
1110 4465 1170 4519 baec
1184 4463 1291 4531 quidem
1306 4462 1461 4534 superlliia,
1477 4474 1505 4520 et
1517 4464 1551 4520 ab
1565 4465 1654 4538 :aliquo
1668 4467 1773 4532 addim
1788 4459 1879 4518 nondum

255 4534 305 4600 Ea,
322 4547 383 4601 rinae
396 4530 431 4586 de
445 4530 611 4587 habitatione
623 4531 723 4588 Liber-ii
739 4535 765 4588 in
781 4534 944 4590 cierneteriis
958 4536 1057 4590 sabur-
1112 4533 1182 4590 enim
1195 4532 1286 4588 Ariani
1298 4541 1361 4590 retia
1384 4536 1517 4591 titubant:
1532 4538 1596 4602 auin
1611 4547 1639 4593 et
1650 4537 1763 4593 ecclesia
1775 4539 1820 4590 bac
1831 4544 1880 4587 teat·

255 4606 333 4660 banis
346 4606 376 4658 S.
391 4601 504 4674 Agnetis
516 4601 552 4685 ab
563 4615 673 4658 auctore
687 4605 746 4660 libri
764 4605 923 4674 poiitillcalis
936 4605 1059 4662 celerari·
1112 4621 1177 4676 pare
1197 4620 1250 4660 non
1270 4551 1413 4678 respuebat
1426 4610 1588 4663 Asianorum
1610 4610 1787 4679 baptis-aium,
1802 4614 1828 4660 tit
1842 4615 1880 4656 tec

256 4684 310 4740 tarr,
336 4674 406 4729 iriale
427 4689 489 4729 rum
513 4687 600 4743 primo
624 4674 723 4730 Liberti
742 4677 826 4731 exilio
846 4679 1057 4748 conjunguntur.
1110 4685 1182 4732 tatur
1195 4681 1222 4729 s.
1237 4675 1336 4734 llieron
1358 4693 1417 4734 mus
1430 4679 1560 4736 aduersus
1573 4679 1766 4746 Lucilirrianus3
1778 4675 1880 4736 llamalti

255 4746 323 4802 llarii
345 4755 415 4802 teste
435 4745 586 4803 &amoeno
609 4743 654 4799 lib.
676 4761 715 4810 rr,
735 4761 795 4816 cap.
821 4747 865 4816 lb,
887 4748 1010 4803 Liberius
1023 4749 1058 4804 ali
1110 4745 1255 4811 anriosbt,
1272 4765 1299 4804 ri.
1316 4694 1361 4806 11.

256 4818 366 4874 Arianis
388 4818 457 4871 binis
478 4817 594 4871 diversis
614 4815 716 4871 viribus
738 4818 855 4886 graviter
874 4829 916 4874 cst
934 4829 1055 4875 vexatus.
1147 4817 1295 4874 Persecutia
1314 4837 1407 4891 niagno
1427 4822 1476 4893 fuit
1495 4823 1522 4877 in
1540 4823 1603 4878 iirbe
1622 4823 1705 4880 lininio
1717 4865 1725 4891 ,
1739 4831 1788 4880 ele.
1803 4819 1835 4876 itti
1847 4815 1879 4886 cll

257 4888 375 4944 Primum
391 4888 498 4959 quando
512 4887 597 4943 lionra
612 4886 703 4942 lurtim
718 4889 850 4943 abducaris
867 4900 910 4946 cst
928 4890 1057 4946 llerlinla·
1109 4889 1217 4947 Liberio
1230 4908 1283 4947 non
1296 4893 1538 4958 coniriiunicabant‚
1549 4911 1603 4952 nori
1619 4906 1720 4952 tantum
1730 4896 1763 4952 ab
1773 4892 1878 4953 sarbia.

258 4977 340 5027 num,
356 4970 436 5029 atoue
451 4974 579 5016 recusans
591 4961 761 5015 subscribere
776 4962 917 5016 sententiae
932 4963 958 5015 in
974 4964 1058 5018 Atbs-
1111 4962 1158 5018 sed
1177 4965 1258 5020 etiam
1275 4978 1289 5017 a
1304 4963 1407 5020 balneis
1421 4965 1535 5032 publicis
1553 4967 1740 5033 abstinebant;
1754 4981 1786 5023 ne
1802 4964 1880 5020 scilitcl
1945 5003 1946 5010 .

255 5035 361 5089 nasiiim
387 5046 435 5096 ner
459 5032 601 5086 blediolan.
628 5030 837 5087 conciliabulum
858 5033 1056 5103 pronuntiatas,
1112 5049 1164 5090 rina
1178 5050 1238 5091 cuni
1255 5035 1307 5092 iilis
1322 5036 1485 5103 lavarentur,
1501 5047 1530 5094 ut
1549 5039 1595 5108 qui
1609 5038 1709 5095 scirent
1721 5054 1752 5094 ex
1771 5033 1878 5094 seruitii

255 5103 319 5160 inde
333 5104 359 5158 iri
373 5103 514 5158 Tlirieiani
526 5114 565 5158 est
579 5103 723 5175 relegatus.
738 5102 874 5165 Secunda.
885 5104 949 5158 duan
963 5108 1057 5161 nolens
1110 5106 1221 5164 loannis
1235 5107 1425 5180 evangelistae,
1442 5123 1528 5180 ticqne
1542 5109 1630 5166 balnei
1651 5111 1750 5166 lotione
1769 5125 1822 5166 curii
1839 5107 1878 5158 lic

254 5178 470 5260 Ariminensem·
481 5174 622 5230 lorrnulam
648 5177 815 5246 approbare,
845 5190 892 5246 per
918 5175 1056 5234 Valentem
1110 5180 1202 5235 reiicis
1218 5180 1432 5253 participandum
1447 5195 1526 5237 esses
1542 5191 1622 5254 atque
1638 5183 1698 5238 ideo
1712 5182 1739 5238 in
1753 5181 1799 5236 lias
1811 5197 1823 5234 a
1836 5189 1878 5233 uia·

250 5261 410 5319 episcopum
423 5245 571 5318 Aristium,
583 5248 630 5317 qui
642 5262 702 5304 eam
716 5258 876 5320 potestatam
891 5247 926 5304 ali
940 5248 1055 5319 impera·
1110 5251 1222 5322 gistratu
1237 5251 1359 5311 saeuitum
1373 5258 1425 5308 est.
1440 5251 1538 5311 Barca.
1554 5255 1626 5312 anda
1640 5253 1702 5320 aba,
1719 5270 1746 5312 ii.
1762 5251 1804 5312 bb.
