3975 6292
819 685 1290 818 ELENCHUS

399 1157 813 1278 unanimous
840 1166 898 1249 m
926 1163 1051 1252 Hoc
1078 1097 1251 1252 nomo
1279 1165 1717 1304 conmissurus.

547 1562 1565 1614 ——m--aeow

310 1973 439 2046 Eusebii
455 1979 610 2064 Pamphili
629 1979 702 2044 libri
720 1981 992 2062 quatuorderim
1009 1979 1223 2044 Constantini.

311 2083 513 2148 Constantini
531 2083 659 2150 rieoroia
675 2088 707 2148 et
721 2083 976 2148 constitutiones.

311 2183 512 2248 Constantini
530 2186 639 2267 magni
657 2187 841 2250 conciones.

310 2283 510 2349 Constantini
524 2285 633 2367 Magni
647 2287 803 2366 opistolae.

312 2387 530 2468 Panegyricus
543 2387 746 2453 Constantini
760 2393 892 2453 auctore
904 2391 1054 2455 Nazario.

310 2487 498 2570 Panegyrioi
524 2493 649 2551 soteres
675 2488 717 2552 ab
742 2489 813 2552 aliis
839 2488 1050 2552 Constantino
1067 2488 1152 2552 dicti.
1249 2568 1253 2572 Α
1286 2511 1291 2520 ’

311 2589 519 2654 hionurnonta
543 2595 651 2654 valera
671 2590 710 2652 ad
736 2590 903 2653 historiam
928 2591 1162 2656 donatistarum
1190 2594 1393 2674 pertinentia.

310 2694 471 2774 Anonymi
485 2692 690 2757 itinerarium
704 2693 952 2774 Burdogalonso.

311 2793 342 2854 S.
358 2793 511 2857 silvester
525 2809 618 2874 papa.

311 2887 343 2952 S.
359 2891 488 2956 Marcus
503 2909 597 2974 papa.

311 2993 343 3054 S.
357 2995 463 3058 initos
480 3011 561 3075 papa
576 2993 602 3056 l.

314 3087 471 3158 Victorini
486 3094 568 3158 iiber
580 3095 621 3160 ad
633 3095 796 3160 tustinum
816 3095 1041 3162 mnniohoeum.

311 3202 463 3285 Ejusdem
477 3208 633 3268 tractatus
647 3203 686 3267 de
699 3206 805 3269 verbis
816 3226 824 3266 ε
836 3203 963 3268 Factum
977 3215 1020 3268 est
1033 3223 1155 3286 uespere
1172 3213 1199 3267 et
1213 3222 1300 3267 urnae
1315 3199 1380 3266 dies
1393 3218 1486 3264 unus.

309 3302 441 3365 Candidi
456 3302 569 3365 Ariani
582 3302 664 3366 iiber
675 3304 716 3366 de
728 3305 937 3384 generatione
950 3305 1071 3368 divina.

312 3405 468 3468 Victorini
483 3405 564 3468 libor
576 3407 614 3470 do
627 3407 834 3487 generatione
847 3407 945 3470 divini
960 3408 1068 3471 Verbi.

308 3509 439 3576 Candidi
454 3511 566 3575 Ariani
582 3512 719 3592 epistola
732 3511 770 3574 ad
787 3510 999 3574 Victorinum.

313 3613 469 3676 Victorini
483 3615 639 3678 advorsus
654 3614 766 3678 Arium
781 3613 854 3676 iibri
869 3619 1021 3694 quatuor.

308 3712 457 3797 Ejusdem
472 3720 625 3781 tractatus
638 3717 677 3780 de
690 3727 853 3774 onoorsrn.

310 3816 461 3899 Eiusdem
474 3816 512 3880 do
526 3817 682 3880 Trinitutu
695 3816 805 3899 hymni
821 3823 898 3882 tros.

314 3919 465 4002 Ejusdem
482 3921 555 3984 iibri
570 3919 634 3984 duo
649 3921 683 3982 in
696 3921 863 4001 epistolam
881 3916 922 3984 ad
937 3919 1079 3984 Galatas.

311 4020 462 4103 Eiusdem
479 4020 561 4083 iiber
574 4020 606 4082 in
623 4021 791 4101 epistolam
805 4019 844 4085 ad
858 4021 1089 4102 Philippenses.

309 4120 459 4201 lljusdom
478 4119 550 4184 iibri
569 4122 633 4184 duo
650 4124 681 4183 in
696 4120 872 4200 Epistulam
893 4121 933 4184 nd
953 4121 1117 4202 Ephesios.

316 4220 467 4303 Eiusdem
480 4221 564 4286 libor
575 4223 614 4285 do
624 4222 780 4304 Physicis.

316 4324 413 4387 Osius
428 4323 649 4386 cordubensis.

316 4425 464 4490 Liborius
479 4441 575 4506 papa.
594 4460 632 4472 -
647 4425 809 4508 Epistola,
826 4423 909 4488 dicta
926 4429 956 4486 et
971 4429 1073 4505 gesta.

315 4524 449 4592 Potamii
464 4530 618 4590 tractatus
634 4527 672 4588 ris
688 4527 822 4592 Lazaro.

315 4628 466 4711 Eiusdem
480 4633 635 4694 tractatus
649 4630 689 4693 tls
704 4631 858 4711 martyrio
872 4629 973 4692 isaias.

315 4730 465 4810 Ejusdem
481 4729 616 4810 epistola
632 4731 670 4794 ad
686 4730 911 4794 Athanasium.

956 5081 1162 5150 ultRhTtJlt.

523 5285 582 5344 Col.
599 5283 644 5352 83,
658 5283 706 5342 lin.
723 5283 740 5340 5
757 5301 764 5338 ε
779 5295 866 5352 ooos3
890 5282 941 5355 tog.
962 5297 1035 5349 ooo,
1058 5294 1222 5352 procubus.
