3975 6292
112 290 121 310 o
195 218 248 276 bib
766 215 921 276 SANCTUS
941 213 1131 276 stetistis
1150 218 1252 278 Pbe·
1790 218 1844 276 824

192 335 292 406 grados
306 333 348 408 (l)
360 335 405 394 rel
424 336 535 395 ordines
555 336 723 396 constituere
747 335 833 392 urbis.
856 331 992 406 Quidquid
1005 331 1169 403 Acipimus,
1184 343 1214 390 et
1226 331 1307 391 iidem
1323 341 1426 391 rectam
1447 342 1528 405 atque
1539 331 1704 390 declaratam
1717 331 1845 391 universo

195 434 286 484 autem
312 429 501 486 constituimus
520 429 547 485 iu
568 429 685 486 concilio
705 427 826 495 Nicaeae,
848 439 993 498 precamur
1044 423 1104 479 orbi
1119 424 1213 496 pandit
1227 425 1379 483 introitum.
1404 425 1462 482 lloc
1480 427 1563 482 sciret
1577 424 1705 500 (scilieet)
1718 424 1844 482 charitati

195 520 281 578 uestri
293 521 699 579 orisconsortioconlrrmetur.
717 518 783 577 Oret
795 517 933 576 beatitudo
948 527 992 574 tua
1043 525 1143 574 restrae
1169 518 1335 577 credidimus
1357 520 1536 577 intituandum
1561 520 1706 577 comediam
1730 534 1746 574 a
1766 518 1845 576 orabis

152 625 155 632 ’
195 612 514 685 prouoluersoooncilio.
528 614 620 672 aaut
642 612 992 684 kalendasialias,accepta
1044 619 1236 682 congregatum
1263 611 1291 667 in
1313 611 1425 670 diteccsi
1448 621 1543 671 austra
1562 622 1660 671 eotatra
1678 612 1845 671 Victorinum

197 707 234 764 lb
250 707 379 768 kalendas
403 707 564 768 Nouembris
586 709 699 768 Paulino
722 707 868 767 etiuliaao
881 707 994 767 summis
1045 704 1201 775 episcopum
1214 714 1243 761 et
1257 703 1431 781 Hippolytum
1450 707 1613 775 diaconam,
1628 707 1675 781 qui
1688 707 1847 764 claruerunt

196 798 362 856 consulibus.

507 917 675 978 betsabee

226 1023 275 1067 seo
298 1024 464 1070 munierunt
482 1027 616 1072 ettussrut
636 1030 671 1072 ao
689 1029 812 1074 srsoouu
831 1031 964 1076 ιιιιιιιιιιι.
989 1052 993 1062 ·

437 1101 537 1178 (cum.
551 1107 633 1181 bure
649 1126 676 1180 e·
692 1105 752 1183 st.)

198 1194 323 1252 Siluesier
334 1198 471 1272 episeopus
489 1200 714 1271 sedisapostolicae
727 1211 751 1256 et
763 1211 859 1257 sunctae
873 1200 998 1260 Ecclesiae

231 1292 368 1348 euiboiicte
387 1293 533 1352 reserenda
549 1295 682 1368 religionis
703 1293 776 1353 arbit
787 1294 887 1365 Romae,
905 1297 993 1370 iratri-

235 1385 281 1441 bus
294 1395 318 1440 ιι
332 1386 499 1458 coepiscopis,
511 1389 555 1458 qai
577 1388 606 1444 in
619 1387 759 1445 Nicaeum
781 1387 919 1446 condiiam
933 1405 997 1446 eon·

232 1488 367 1546 oenerurti,
379 1478 407 1534 in
420 1479 531 1536 liomina
545 1481 665 1536 cuiatem.

233 1569 344 1629 Gaudeo
358 1583 509 1648 promptam
525 1589 574 1631 uos
588 1573 780 1648 benignitatem
795 1589 917 1634 seruare.
930 1571 998 1632 Nam

191 1672 225 1720 'et
237 1663 369 1721 condrino
380 1664 485 1739 iugoque
497 1665 536 1740 (i)
549 1666 583 1722 ad
594 1667 726 1724 doctrinae
738 1677 836 1724 ιιιιιιι
849 1668 999 1726 reclaman-

1046 795 1454 867 llauicbtcorumeousortio,ct
1476 799 1632 868 babianum,
1647 808 1676 857 et
1696 797 1843 865 Caiittum,

1045 890 1092 962 qai
1105 890 1132 946 in
1145 903 1195 946 sua
1204 889 1363 948 extollentia
1376 891 1502 949 dicebant
1513 907 1568 948 aon
1581 891 1682 964 pascba
1694 891 1788 949 uenire
1798 890 1844 949 die

941 986 943 990 ’
1045 997 1107 1053 suo,
1122 999 1173 1042 aec
1187 998 1298 1055 mense,
1311 984 1361 1044 sed
1382 987 1417 1044 lli
1439 986 1494 1043 lai.
1517 987 1582 1044 maii
1604 987 1744 1046 custodiri.
1771 987 1848 1057 Quos

1047 1077 1201 1145 damnatos,
1213 1087 1242 1135 et
1254 1076 1357 1149 eiectos
1369 1089 1447 1136 extra
1461 1078 1613 1136 Ecclesiam
1620 1089 1648 1138 et
1658 1081 1845 1138 exeommuni-

1047 1179 1124 1226 catos
1137 1169 1226 1227 omnis
1242 1173 1359 1227 anundus
1371 1180 1528 1244 cognoseat.
1542 1171 1594 1240 Qui
1607 1173 1633 1228 in
1647 1172 1764 1231 concilio
1773 1171 1848 1230 sedis

1048 1261 1206 1333 apostolice
1225 1263 1380 1335 cognitione
1401 1263 1510 1336 uulgata
1529 1262 1625 1335 poliuti
1645 1265 1771 1322 seambus
1791 1265 1849 1321 sais

1049 1362 1184 1411 nonrccte
1197 1369 1278 1411 nosse
1286 1365 1436 1424 tacuentnt,
1448 1356 1596 1413 ctscclesta
1605 1368 1762 1429 perpetrare
1772 1371 1849 1413 com·

1049 1446 1224 1520 punctionum
1237 1449 1411 1506 innocentum
1422 1449 1852 1522 execrantiapollutionedamna-

1049 1539 1233 1614 mollicula
1256 1542 1283 1599 iu
1305 1543 1461 1601 secessione
1485 1540 1593 1599 iauesta
1616 1542 1667 1613 ipsi
1690 1542 1741 1600 sibi
1754 1551 1853 1622 guorte

1051 1635 1181 1706 praetenti
1195 1634 1291 1690 ultimo
1303 1634 1350 1692 dic
1361 1640 1419 1692 aursi
1432 1644 1495 1691 satu
1513 1633 1689 1706 pollutionem
1706 1634 1854 1691 sacerdotii

198 1764 239 1813 tes
250 1756 284 1814 de
299 1759 430 1832 mysterio
441 1759 486 1816 rel
497 1761 599 1817 unitate
609 1758 760 1829 Trinitatis,
773 1760 927 1818 chrismatis
937 1777 996 1828 vos,
1012 1737 1100 1798 ΒΜ
1117 1725 1289 1785 ⁰¹d⁵¹¹²⁸i⁰¹¹⁰
1306 1727 1461 1800 “fimum
1475 1727 1547 1800 ΨΜ
1568 1726 1701 1784 mmmm
1716 1727 1751 1784 ab
1765 1727 1853 1784 'mi'

199 1848 347 1906 secundom
368 1850 438 1908 dicta
452 1860 480 1909 ιι
497 1850 649 1910 doctrinam
663 1853 862 1926 evettgclicatn,
878 1862 1000 1911 sancum

199 1942 339 2014 accepisse
349 1943 465 2016 gratiam
481 1961 488 2002 ι
505 1944 540 2001 de
550 1961 604 2018 quo
617 1945 823 2004 examinationis
840 1947 925 2020 probo
936 1960 1000 2002 uera

200 2031 286 2092 luisse
299 2044 327 2092 et
342 2050 404 2094 esee
419 2052 561 2107 mansura,
575 2055 635 2111 qum
648 2039 675 2096 ln
691 2049 809 2099 restrum
824 2047 1001 2110 nocuumque

199 2141 346 2186 manauere
368 2121 544 2202 mysterium,
564 2146 655 2190 meum
676 2130 886 2206 chirographum
902 2144 929 2190 et
943 2131 1001 2188 dis·

201 2220 353 2294 cipulorum
368 2224 491 2281 meorum
506 2223 602 2293 oilero,
619 2225 646 2283 lu
671 2237 762 2284 uestro
776 2235 871 2284 saneto
885 2225 1002 2286 concilio

201 2313 332 2387 quidquid
352 2315 548 2388 constituistis,
562 2333 615 2377 una
636 2334 728 2391 parem
742 2320 807 2380 dare
826 2335 1000 2378 consensum.

201 2413 292 2482 dique
305 2410 333 2466 in
346 2410 450 2482 gremio
462 2421 560 2470 vestrae
574 2414 672 2487 synodi
690 2428 772 2486 parte
791 2424 902 2488 propter
920 2414 1003 2474 diuci-

201 2502 302 2576 plinam
317 2503 448 2561 Ecclesiae
469 2504 587 2577 alligabo
609 2515 760 2578 praecepta,
781 2515 892 2579 propter
910 2505 1004 2564 Victo-

202 2595 304 2665 riuum,
318 2595 364 2668 qui
384 2596 497 2653 arbitrio
510 2611 560 2654 suo
574 2597 704 2672 quidquid
728 2597 809 2657 vellet
832 2595 1002 2669 alienabat,

207 2695 235 2744 et
246 2687 339 2762 cyclos
351 2687 463 2748 Paschae
477 2691 671 2762 pronuntiabat
684 2690 805 2758 iaiiaaes,
830 2701 856 2750 et
870 2707 932 2747 cum
946 2692 1004 2764 epi·

202 2781 293 2853 scopis
316 2781 399 2838 totius
423 2782 499 2840 urbis
522 2781 607 2840 ltaliae
629 2784 810 2854 examinatam
842 2783 1004 2842 universitas

203 2872 291 2930 vestrl
305 2873 391 2930 sancti
405 2873 513 2935 concilii
523 2873 650 2947 dignetur
662 2876 785 2947 accipere
800 2876 941 2934 unitatem.
969 2875 1005 2932 Et

202 2964 255 3021 aila
277 2965 456 3027 amnu:0rct
480 2983 529 3038 pro
552 2969 630 3026 nobis
652 2967 789 3026 beatitudo
811 2971 895 3026 uestri
917 2973 1004 3028 sancii

203 3057 313 3115 concilii
337 3067 519 3117 trecentorum
543 3060 638 3119 decem
652 3072 681 3118 et
698 3074 775 3126 octo,
798 3073 827 3119 ιιι
846 3062 1003 3134 eharitatis,

203 3165 265 3223 qua
279 3151 357 3209 robis
371 3152 433 3209 data
445 3163 502 3224 est,
515 3154 621 3212 bomini
635 3157 721 3212 nostri
740 3155 804 3215 iesu
820 3156 922 3214 christi
941 3171 1001 3214 ser·

203 3251 284 3302 retur
295 3254 480 3318 augmentum.
496 3247 561 3305 llata
575 3247 593 3306 b
606 3246 736 3305 kalendas
758 3247 937 3318 Nouembris,
957 3263 1006 3305 ac·

204 3337 314 3410 ceptal
335 3337 396 3395 idus
420 3338 560 3397 Februarii
572 3339 750 3398 Constantino
771 3342 873 3414 septies
883 3350 910 3399 et
933 3339 1006 3399 Gort-

69 3427 80 3447 '
204 3430 307 3490 stando
319 3428 428 3489 Cartare
440 3441 537 3504 quarto
549 3433 715 3492 consulibus.

217 3537 322 3584 turena
336 3540 361 3586 o.
371 3528 508 3585 ιιιιιιιτιιι
520 3542 648 3586 sotsroca
660 3545 696 3586 aa
714 3543 839 3588 urcem
852 3543 986 3590 staoous.

456 3616 546 3693 (Cone.
561 3629 580 3676 ι.
592 3637 622 3690 tt,
635 3639 662 3696 p.
676 3619 754 3696 iit.)

411 3730 582 3774 snasonrrro
599 3731 792 3774 conmoratus.

202 3811 204 3814 ’
239 3805 1005 3882 anaiicanocodicoibligemiaaelstaeapocrypiuaeepi·

202 3901 281 3960 stolae
292 3902 482 3968 continentur;
493 3901 646 3974 adjungitur
658 3911 687 3958 et
699 3902 793 3970 tertia,
808 3915 869 3974 quum
883 3901 1005 3958 seeundo

201 3993 264 4050 loeo
276 3992 375 4050 ibidem
386 4002 471 4062 extat,
487 4008 566 4066 quam
580 4009 641 4052 eom
662 3996 688 4050 in
704 3993 909 4051 collectionibus
923 4009 1005 4052 rucmo

201 4086 342 4160 iuncusque
352 4087 511 4157 inseruerit,
525 4089 585 4146 ideo
597 4089 641 4145 bie
651 4088 774 4146 addenda
785 4101 837 4156 est,
853 4097 932 4160 prout
943 4103 1005 4160 pro-

201 4171 287 4236 iertu'r
298 4193 313 4236 e
325 4178 469 4238 balleriniis
478 4179 505 4236 in
518 4193 601 4251 opere
614 4181 713 4250 sapius
727 4178 847 4248 laudato,
865 4194 926 4251 pag.
939 4179 1002 4238 liiii.

238 4291 336 4364 incipit
349 4293 457 4364 epistola
470 4291 589 4350 Siioertrt'
602 4292 716 4365 episcopi
741 4291 775 4347 ad
788 4293 927 4348 conciliem
952 4291 979 4348 N
982 4293 1003 4350 i-

201 4402 302 4444 cattum
311 4387 408 4444 directa
421 4403 468 4460 per
477 4386 669 4444 Abundantium
688 4389 863 4461 presbyterum
877 4395 901 4444 ei
912 4387 1002 4445 Aban·

200 4479 319 4536 dantium
333 4481 470 4538 diaconum
481 4481 616 4538 consuiattt
630 4479 739 4538 Paulini
750 4489 775 4538 cl
785 4481 887 4540 iuliani
903 4481 937 4540 te
948 4481 1002 4542 itai.

201 4573 322 4628 octobris.

199 4673 353 4750 beatissimis
364 4677 481 4732 iratribus
491 4680 582 4732 sanetis
591 4685 620 4733 et
638 4683 801 4754 coepiscopis,
815 4680 856 4732 uel
874 4695 1003 4747 campres-

227 4738 330 4800 byterus,
350 4741 492 4806 quimugre
527 4745 649 4796 lisuntln
664 4743 764 4798 Nteaeno
776 4745 881 4796 coneilio
899 4745 1002 4807 sylves·

228 4801 406 4868 terepisoupus
442 4819 492 4856 aesu
512 4807 653 4870 apostolicae
671 4804 1000 4864 cicatbolieaeurbisllontae

228 4863 254 4914 lu
264 4863 410 4930 Domiuosa
421 4877 499 4920 atem.

231 4967 448 5026 Gloriosissimus
470 4983 551 5044 atque
571 4973 706 5046 piissimus
726 4975 797 5032 iilius
812 4983 906 5033 noster
929 4977 999 5034 eun

195 5063 332 5120 amelinus
344 5061 480 5135 Augustus
497 5079 558 5121 cum
571 5068 808 5126 constitutionibus
826 5071 1000 5128 seauctimonii

1050 1820 1132 1877 nibus
1145 1822 1283 1879 sanctiset
1304 1822 1542 1880 mtreacerdotibus
1561 1824 1856 1895 nostrapradicationc

1050 1922 1079 1968 et
1092 1912 1247 1983 apostolicis
1260 1914 1391 1971 doctrinis
1412 1915 1585 1988 precipitatus
1597 1915 1721 1972 damnari
1735 1957 1743 1982 ,
1758 1926 1857 1973 cotrtra

1052 2003 1177 2062 litorium
1189 2015 1218 2062 et
1229 2006 1376 2063 sabellium
1391 2007 1509 2066 maxime
1520 2017 1548 2064 et
1566 2005 1660 2064 Arium
1676 2010 1849 2066 auatbetnatc

1052 2111 1201 2168 percussus
1213 2096 1256 2172 (li.
1272 2113 1419 2170 percussos
1431 2099 1473 2156 uel
1487 2097 1659 2174 percussum)
1672 2100 1749 2172 quasi
1762 2111 1856 2158 resno

1053 2207 1103 2251 ore
1112 2190 1308 2251 confirmantes
1320 2193 1498 2262 damnamus;
1519 2204 1547 2251 et
1558 2193 1688 2266 quidquid
1702 2195 1730 2252 iu
1741 2195 1859 2252 coneilio

1052 2285 1162 2343 diceano
1187 2286 1303 2344 ciuitatis
1329 2286 1462 2361 liitbynite
1484 2286 1663 2343 corastituistis
1689 2301 1740 2358 pra
1761 2287 1860 2344 teritis

1053 2379 1099 2452 iii.
1125 2379 1306 2452 linircrealis)
1330 2380 1459 2438 Ecclesia
1480 2380 1667 2439 moderatione
1687 2382 1747 2455 pari
1767 2380 1859 2437 iortna

1053 2472 1222 2531 custodimus
1251 2491 1258 2529 :
1283 2473 1353 2532 libra
1379 2473 1575 2545 ponderatione
1595 2475 1725 2530 censetis.
1751 2473 1812 2529 bat.
1839 2473 1859 2530 ii

1053 2562 1109 2620 itai.
1123 2564 1180 2636 jan.
1199 2563 1233 2620 bt
1245 2565 1299 2621 alia
1308 2581 1409 2623 maus:
1424 2567 1552 2623 llotaiaas
1564 2577 1657 2624 ruostcr
1668 2565 1747 2624 iesus
1760 2563 1859 2624 coris·

1054 2663 1099 2711 tas
1113 2669 1161 2712 uos
1172 2671 1334 2714 conseruare
1345 2657 1483 2729 signetur,
1496 2659 1582 2717 sancti
1596 2668 1625 2717 et
1638 2659 1790 2732 coepiscopi
1800 2656 1858 2716 lra-

1055 2757 1123 2809 “‘⁸'
1168 2820 1329 2882 causum
1346 2823 1517 2883 arescunt
1534 2823 1737 2894 scansurus.

1301 2917 1400 2993 (Cauri.
1415 2919 1498 2992 App„
1512 2936 1540 2992 p.
1555 2918 1614 2994 55.)
1761 3008 1764 3010 ‚

1091 3029 1236 3088 Cenabum
1248 3033 1297 3088 boc
1310 3030 1405 3089 Petras
1416 3032 1514 3090 Crabbe
1525 3034 1626 3090 daubata
1635 3034 1752 3108 ιριιιιιιι
1767 3037 1860 3106 praci-

1016 3138 1041 3204 0
1056 3123 1105 3178 mit
1114 3121 1262 3190 mbnecuit,
1270 3127 1315 3180 ted
1326 3127 1467 3198 preposuit
1479 3123 1623 3183 Constituto
1636 3130 1774 3200 ιιιριιιοιι,
1786 3131 1859 3202 guod

1058 3215 1178 3273 Romano
1192 3219 1219 3273 itt
1229 3218 1338 3275 coracilio
1352 3229 1412 3276 eale
1421 3219 1559 3276 Nicaeuttm
1569 3219 1657 3277 babilo
1669 3221 1766 3278 editum
1780 3223 1861 3296 fiagi-

1057 3319 1110 3368 iar.
1123 3311 1163 3366 Aa
1174 3328 1207 3367 ea
1218 3327 1270 3367 uuo
1283 3312 1421 3385 redargue
1434 3315 1573 3390 ccenrpiuri
1589 3324 1700 3386 matum
1711 3317 1759 3371 iiia
1772 3319 1857 3374 moni·

1057 3415 1142 3460 meula
1152 3405 1324 3478 descripserit,
1337 3423 1388 3462 ttort
1399 3406 1524 3463 desierat.
1540 3405 1627 3482 liujus
1637 3410 1764 3481 artificem
1777 3427 1794 3466 a
1807 3428 1860 3468 etc-

1056 3505 1169 3554 terorum
1180 3499 1317 3556 arcbitecto
1331 3498 1461 3557 diuersum
1479 3502 1666 3568 nummariis
1683 3501 1859 3578 discrepantia

1055 3591 1150 3649 innuit.
1165 3591 1200 3649 ln
1212 3593 1260 3650 bac
1272 3593 1367 3666 quippe
1376 3611 1422 3650 aec
1434 3594 1575 3662 barbaries,
1589 3611 1636 3653 uec
1652 3595 1796 3656 obscuritas
1814 3616 1860 3655 ea·

1056 3685 1115 3742 dem
1128 3695 1245 3759 apparet.
1262 3685 1354 3759 Neque
1361 3688 1389 3742 in
1400 3703 1517 3745 ammone
1526 3689 1620 3756 teiam,
1631 3689 1677 3746 ted
1690 3699 1714 3744 et
1726 3689 1755 3745 in
1770 3690 1860 3747 decre·

1056 3777 1090 3832 ιιι
1099 3776 1175 3832 rebus
1196 3778 1262 3832 inter
1277 3777 1325 3834 boc
1341 3788 1418 3850 aigae
1433 3781 1543 3835 aiterum
1560 3779 1704 3836 Rauranum
1718 3783 1859 3840 caneiiitmt

1056 3866 1173 3941 quadarn
1183 3877 1221 3924 ιιι
1231 3869 1374 3939 distentio,
1388 3871 1428 3928 uii
1440 3871 1518 3942 yident
1531 3872 1628 3945 {aciani
1640 3889 1698 3945 gua
1709 3873 1738 3929 ia
1751 3883 1859 3947 utroque

1056 3961 1248 4016 corastitaurttrtr
1261 3960 1294 4017 de
1307 3971 1431 4033 tempore,
1452 3980 1505 4036 gete
1524 3963 1632 4020 clericae
1655 3965 1683 4021 itt
1705 3981 1860 4037 aaoguogae

1055 4052 1148 4126 modu,
1165 4053 1323 4126 priusquam
1333 4055 1370 4109 ad
1382 4057 1491 4111 aitertmt
1507 4055 1694 4128 praetereatur,
1707 4074 1860 4129 permanere

1056 4146 1155 4204 debeat.
1172 4148 1337 4206 Postremum
1357 4152 1405 4208 boe
1423 4169 1482 4208 eum
1497 4151 1557 4208 iibri
1576 4153 1730 4229 pontificum
1744 4157 1855 4224 aecium,

1056 4253 1111 4300 luat
1123 4243 1226 4299 isidoro
1242 4244 1381 4302 liercuiori
1392 4246 1509 4319 ignotum
1528 4247 1588 4317 suit.
1603 4245 1759 4321 Suspectam
1772 4250 1859 4306 eradii

1055 4336 1095 4394 oei
1104 4355 1136 4394 ea
1145 4338 1202 4412 ipso
1212 4339 1297 4409 iiiuio,
1309 4340 1337 4395 in
1347 4357 1397 4414 guo
1408 4349 1541 4413 praeseute
1549 4337 1728 4399 Contemniino
1742 4344 1858 4400 babitans

1056 4432 1151 4489 dicitur
1158 4450 1168 4502 ,·
1178 4451 1238 4488 cum
1247 4434 1320 4506 apati
1331 4434 1472 4491 baronium
1486 4445 1562 4508 atque
1575 4437 1690 4492 meditat
1701 4437 1729 4492 ιιι
1739 4437 1858 4509 coniaco

1017 4528 1100 4606 Deli,
1110 4524 1306 4584 Coaciamiattm
1316 4528 1399 4586 iioma
1407 4537 1469 4585 tuac
1477 4530 1601 4604 abfuisse.
1615 4527 1744 4586 Rarouirta
1752 4529 1859 4602 lapsam

1059 4634 1132 4696 patui
1145 4624 1256 4691 librarii,
1270 4625 1315 4697 gui
1326 4625 1395 4696 guad
1409 4642 1467 4699 cap.
1484 4626 1497 4681 l
1522 4624 1555 4680 de
1568 4623 1678 4682 Nicaea
1693 4624 1794 4699 syuodo
1804 4643 1859 4682 me·

1055 4726 1181 4787 irroratur,
1195 4718 1230 4772 ad
1245 4717 1312 4773 boae
1326 4718 1475 4792 iutyrradenc
1493 4719 1621 4777 retulerit.
1639 4709 1704 4786 Qtt‘it
1717 4720 1795 4776 aiam
1808 4721 1858 4777 tibi

1054 4809 1082 4864 iu
1103 4811 1220 4866 unitatum
1241 4811 1380 4880 induxerit,
1401 4826 1507 4868 cccxxv
1534 4812 1666 4885 episcopos
1685 4822 1742 4869 tum
1762 4829 1857 4870 coare·

1054 4901 1123 4957 triete
1139 4918 1156 4956 a
1171 4898 1295 4958 Silaetiro
1309 4913 1429 4970 uocatm,
1445 4919 1504 4958 caut
1524 4919 1605 4974 tregue
1623 4902 1652 4959 id
1673 4904 1762 4976 iamir,
1775 4921 1858 4976 aare

1053 4995 1223 5052 ιιιιιιιιιιιιιιιι
1250 4998 1337 5060 iuerit.
1364 4995 1495 5053 Preterea
1518 4996 1608 5053 titulae
1630 4997 1725 5068 capitit
1747 4997 1766 5054 b
1785 4998 1856 5054 isaii·

1051 5096 1092 5146 cat
1106 5088 1142 5144 ibi
1162 5089 1305 5144 minaeum
1325 5089 1616 5161 sarracenorumque
1636 5089 1746 5146 canalia
1763 5099 1803 5147 ter
1826 5093 1856 5148 itt

195 5155 279 5211 uestri
290 5153 401 5210 auribus
416 5155 473 5211 suis
497 5154 620 5212 intimata
634 5166 819 5229 cognosceret,
846 5175 899 5215 tarra
919 5161 998 5219 nabis
1050 5200 1118 5240 ,ww
1133 5184 1287 5242 „geganga
1300 5202 1354 5242 m,
1365 5185 1556 5242 gemm·
1568 5185 1645 5255 Quod
1654 5188 1677 5243 u·
1687 5188 1725 5242 aa
1737 5197 1785 5256 ω.
1796 5190 1857 5257 Μ,

193 5247 312 5306 Domino
326 5256 420 5307 nostro
434 5246 616 5306 iesu-Cirristo
626 5249 809 5321 jubentccum
826 5251 923 5309 auecta
937 5267 998 5312 sus·
1049 5278 1238 5334 aym-mm
1251 5288 1322 5351 Μ
1338 5280 1407 5335 nm
1424 5281 1575 5350 ‘omium’
1592 5281 1661 5351 qm
1677 5298 1737 5338 “m
1753 5283 1857 5340 mim

229 5384 269 5465 (y)
293 5390 313 5444 Α
336 5387 371 5444 nd
397 5387 495 5446 pawn·
519 5387 616 5462 mg„
651 5392 794 5465 conforma
827 5391 994 5448 mmmm
1049 5371 1160 5427 maxime
1170 5380 1352 5444 congregatam
1369 5370 1481 5440 dicatur,
1496 5380 1526 5428 att
1536 5371 1661 5445 quidquid
1677 5373 1777 5430 ilictcoe
1787 5391 1857 5431 eota·

197 5457 284 5515 Verbi.
326 5459 444 5532 uidtyaid.
1013 5495 1016 5500 -
1050 5466 1167 5525 stitutum
1186 5474 1224 5521 stt
1236 5465 1382 5536 confirmet,
1395 5466 1428 5521 ab
1446 5465 1528 5539 ipsias
1547 5475 1633 5521 tanum
1651 5465 1801 5536 definitione
1820 5470 1857 5524 de

228 5530 273 5616 (2),
284 5531 340 5588 iloe
349 5542 391 5590 est
400 5531 521 5590 advertat
535 5549 588 5601 eos,
599 5532 644 5615 gui
656 5533 797 5618 reclamant
811 5541 835 5588 ci
848 5541 992 5620 repugnant
1048 5557 1155 5630 mmm-3
1170 5557 1208 5614 gy,
1221 5557 1249 5613 y„
1262 5573 1331 5614 mo
1342 5559 1532 5630 mmmm-3
1545 5560 1633 5614 gagg„
1650 5561 1764 5615 mm
1780 5559 1856 5629 Qu,

189 5603 314 5658 doctrinae
337 5615 426 5661 uestra
450 5605 482 5660 de
506 5614 626 5678 atgticrto
652 5603 691 5660 oei
718 5613 816 5661 uariata
840 5602 987 5661 Τηιιιιιιιι.
1064 5652 1070 5664 .

187 5670 291 5729 poinde
301 5675 445 5734 cymam
455 5678 527 5748 1000,
539 5677 624 5750 magis
637 5676 760 5752 placem
772 5676 912 5746 mmm,
925 5674 988 5734 κῃ.
1045 5667 1116 5708 ctrea
1129 5653 1229 5710 taructei
1246 5654 1314 5707 uitro
1328 5650 1472 5724 largiamur
1485 5652 1638 5709 Siieetirttm
1655 5653 1743 5709 stetim
1756 5671 1773 5709 a
1786 5669 1855 5711 eota·

183 5741 324 5812 spiritalius
1039 5745 1096 5804 ciiii
1109 5743 1211 5805 iiieari
1232 5746 1400 5806 celebratione
1412 5746 1541 5820 synodum
1556 5761 1730 5823 conmeatus,
1748 5751 1776 5808 itt
1796 5755 1854 5823 guia
