3975 6292
152 317 205 376 tiu
756 311 958 388 uisQUtSluto
970 308 1173 372 uuuuuohil.
1752 318 1806 380 ssu

151 455 264 505 corneas,
277 453 356 510 quum
370 437 494 494 liabitnoit
510 438 536 492 in
554 436 636 494 trobis.
650 435 754 507 Quibus
773 434 864 492 uerbis
883 433 952 489 indi·
966 431 1070 498 Atotd
1085 437 1198 511 episcopi
1218 435 1307 494 iionnu
1327 457 1358 495 ec
1377 439 1486 507 epistola
1506 441 1541 496 nd
1558 439 1688 499 Acacium.
1709 428 1808 503 dentem·

151 543 205 601 cat,
220 547 250 589 se
262 529 372 588 minime
386 529 510 599 credere,
524 529 708 586 huoronitotem
730 521 806 584 l'erbi
826 527 861 582 od
874 543 919 582 nos
939 545 953 584 e
1007 537 1096 583 tarrucu
1113 529 1229 586 durbitsri
1247 533 1344 588 rnerito
1363 547 1460 604 posse,
1475 548 1511 590 au
1526 532 1621 591 eadem
1642 534 1678 593 sit
1692 538 1804 610 epistola

151 626 216 682 coelo
238 623 418 694 descendisse,
446 635 475 680 nt
498 621 558 696 ipse
584 621 720 698 Nysscnus
742 619 951 689 animaduertit,
1004 619 1039 677 ab
1052 620 1194 679 Anastasio
1208 629 1288 681 citata
1303 641 1364 682 cum
1379 627 1512 698 superiori
1526 629 1558 685 ad
1574 624 1805 704 liociumscripta,

153 736 316 795 quamquam
333 735 414 791 supra
434 717 506 775 aliud
526 719 613 790 palam
629 717 769 784 docuisse,
784 725 865 790 atque
883 714 952 772 seri·
1004 729 1086 786 quarn
1111 731 1162 772 una
1184 734 1218 772 ex
1238 719 1271 773 iis
1292 735 1353 776 esse
1373 721 1470 792 possit,
1493 737 1561 794 quas
1580 722 1757 795 adulterinas,
1779 736 1807 782 et

152 813 238 887 psisse
262 811 407 870 lraereticus
430 809 580 870 rideretur.
603 810 722 868 Eatenus
742 811 823 884 igitur
845 809 953 867 dicebat
1003 802 1074 863 lulio
1087 824 1228 884 perperam
1245 812 1369 881 tributas,
1383 828 1464 884 supro
1482 812 1610 872 Leontius
1623 812 1784 875 allirrnabat.

150 907 317 982 Apollinaris
329 906 430 965 Christi
445 921 556 963 caruem
570 921 585 963 e
598 906 667 965 coelo
681 921 760 975 esse,
776 915 910 977 quatenos
923 904 950 960 in

150 1017 209 1058 eaor
237 1002 392 1073 opinionem
428 1009 618 1069 corucesserat,
643 997 836 1064 dividendam,
869 1005 951 1068 aitque

150 1092 367 1166 distinguendam
379 1095 405 1148 in
416 1092 528 1149 Christo
539 1090 682 1148 lrnnrnnarn
697 1101 820 1148 uatrrram
832 1105 846 1146 a
860 1088 950 1146 diuina

150 1206 205 1246 ιιοιι
218 1204 291 1256 csse,
303 1205 336 1246 ac
355 1189 469 1260 proinde
484 1189 519 1246 ito
536 1188 626 1244 orurnia
639 1185 674 1245 de
696 1204 750 1245 uno
767 1185 877 1242 Christo
891 1199 951 1242 csse

150 1283 333 1358 prosinconis,
347 1293 377 1341 ut
388 1295 459 1342 totus
472 1285 554 1341 eriam
567 1285 601 1341 de
613 1281 682 1341 coelo
694 1281 867 1340 descendisse
877 1290 951 1337 recte

150 1379 294 1436 diceretur.
311 1377 400 1447 Quare
409 1377 560 1452 intelligere
569 1390 766 1449 possumusne
777 1372 949 1447 heicquidenr

148 1469 292 1526 dissentire
306 1469 340 1525 ab
359 1467 510 1540 Apollinari
540 1478 677 1524 auctorem
704 1466 825 1539 epistolre
838 1471 948 1521 nostroe.

183 1565 317 1621 Caeterum
338 1578 418 1634 supra
440 1563 556 1620 uidimus
577 1563 659 1618 aliurn
681 1559 823 1634 capitalem
848 1557 951 1628 Apolli·

147 1657 354 1714 uariserrorem
370 1656 397 1712 in
415 1670 449 1712 eo
463 1653 562 1722 situm,
580 1663 608 1710 ιιι
630 1652 793 1717 affirmaret,
810 1649 948 1708 Christum

146 1751 247 1818 aniana,
263 1757 308 1806 aut
324 1757 416 1806 uiuente
432 1749 549 1804 irunrana
565 1749 697 1805 caruisse.
711 1746 789 1803 lilnm
805 1755 948 1818 propterea

146 1843 285 1918 nyssenus
306 1839 444 1915 redarguit
465 1839 480 1915 ᾗ
500 1841 552 1911 55,
574 1839 761 1899 Antirrheiici.
787 1837 845 1894 Non
870 1838 948 1894 aliter
963 1835 988 1909 Β
1001 1848 1062 1891 curn
1078 1831 1223 1906 Accphalis
1240 1832 1328 1892 habita
1344 1837 1590 1912 Constantinopoli,
1607 1841 1752 1900 Sirnrnmlo
1768 1841 1801 1900 V.
1902 1917 1907 1927 .

146 1937 267 1994 sensisse
280 1942 455 2008 personatum
472 1933 595 2006 epistolae
611 1933 691 2005 hujus
704 1942 861 1994 aructorem,
877 1929 948 2002 puri-

147 2038 187 2086 ter
200 2029 380 2086 ostendimus.
399 2027 471 2100 Ergo
484 2027 607 2084 eumdem
622 2026 765 2098 utrobique
785 2025 945 2096 scriptorem

146 2120 347 2195 deprehendas.
367 2117 491 2186 Accedit,
514 2119 585 2192 quod
606 2119 770 2192 Apollinaris
792 2121 818 2176 in
835 2133 945 2175 suorum

145 2219 312 2277 somniorum
329 2215 484 2288 praesidium
498 2214 618 2271 abutitur
632 2215 723 2272 uerbis
739 2213 772 2270 iis
786 2212 906 2286 Apostoli
924 2205 943 2281 l,

144 2311 208 2370 tio.
229 2325 266 2368 xv
283 2329 290 2365 r
306 2308 470 2366 Nouissimas
484 2305 568 2364 Adeas
582 2307 609 2363 in
623 2307 744 2382 spiritum
764 2305 944 2374 oiriiicuntem,

147 2412 176 2462 ιιι
189 2411 296 2460 corrstat
308 2420 340 2459 es
356 2401 370 2476 A
387 2400 419 2460 ι9
432 2414 458 2458 et
473 2417 531 2474 seq.
542 2397 729 2458 Antirrhctici.
742 2393 841 2454 lisdem
853 2407 945 2452 nostor

145 2513 252 2571 quoque
267 2495 397 2564 abutitur,
414 2496 451 2552 uti
468 2493 559 2551 ridere
573 2493 654 2551 estin
668 2489 877 2566 epistolaedits.
893 2488 945 2546 ha·

147 2608 201 2664 que
216 2591 333 2648 tamdem
349 2591 481 2664 intelligas
498 2590 594 2646 rniram
608 2584 774 2646 intercedere
787 2586 944 2656 opinionum

144 2685 316 2744 concordiens
338 2683 408 2740 inter
428 2681 613 2757 Apollinarem
637 2697 651 2736 a
673 2679 796 2754 Nysscaa
819 2677 943 2736 conlata·

145 2788 213 2846 ιιιιιι,
227 2788 254 2834 et
269 2776 348 2848 liujus
361 2775 483 2848 epistalae
496 2784 645 2842 arretinum,
662 2784 690 2830 nt
705 2773 802 2830 merito
817 2769 943 2829 eurndem

142 2886 276 2928 esserum
289 2869 438 2942 Apollinari
454 2868 590 2954 censuerit
601 2865 741 2924 Leontius.
759 2865 792 2922 Et
803 2881 867 2922 saue
883 2863 944 2938 quis

140 2963 241 3020 lulium
255 2963 407 3020 Rornmmnt
433 2961 584 3034 pontificem
601 2975 726 3030 umquam
742 2958 820 3027 dixit,
836 2965 882 3014 aut
896 2973 944 3014 an·

142 3057 209 3116 diiii
234 3055 426 3114 absurdissima
453 3053 605 3126 inrjnsnrodi
630 3050 754 3126 dogmata
783 3039 943 3120 tradentem,

141 3167 202 3222 qiua
213 3149 302 3207 statim
317 3165 348 3206 ac
358 3163 495 3206 emersere
508 3163 542 3204 ex
554 3147 715 3218 Apollinaris
726 3161 773 3202 ore
786 3156 813 3202 et
827 3146 942 3216 calamo,

140 3335 214 3391 sedis
237 3334 350 3392 antistes
372 3334 431 3392 sine
450 3348 547 3406 rruagno
569 3331 782 3391 Christianorum
803 3328 941 3400 scandolo,

140 3441 222 3502 atque
235 3429 354 3486 clamore
370 3429 433 3486 talia
448 3429 537 3500 palam
552 3427 671 3484 traderet

176 3523 297 3582 Tandem
321 3524 452 3582 Leontius
475 3523 676 3596 Eutychianos,
699 3521 757 3578 siue
778 3521 940 3594 Aceplrslus,

140 3615 200 3674 lalsi
215 3618 313 3690 arguit,
329 3615 401 3690 qnod
417 3616 503 3673 iocum
519 3632 552 3672 cu
567 3617 681 3685 epistola
702 3613 754 3672 ista
772 3615 864 3671 dieunt
878 3631 941 3686 pro·

140 3711 261 3778 ductum,
276 3720 356 3784 atqne
374 3709 539 3766 laudaturus
563 3707 689 3765 Patribus
708 3707 835 3780 Ephesini
850 3706 942 3764 crunei-

139 3802 179 3860 iii.
201 3803 287 3860 Aliam
309 3801 451 3876 epistolam
468 3801 494 3858 in
510 3801 568 3874 ejus
588 3801 683 3875 synodi
706 3800 811 3857 actibus
832 3801 940 3856 citatam

140 3898 187 3967 ait,
203 3905 285 3969 atque
305 3895 340 3952 ah
357 3911 388 3954 ca
409 3896 556 3964 diuersam,
573 3911 632 3968 qnae
651 3895 684 3951 ad
707 3893 863 3968 Dionysium
877 3909 941 3950 corr-

139 3993 240 4072 scripta
262 3993 356 4049 iertur.
380 3992 437 4049 imo
452 4001 479 4048 ct
498 3994 610 4049 alteram
635 3992 707 4047 illam
724 4009 777 4048 ιιιιιι
796 3990 860 4048 iulii
880 4005 942 4048 esse

139 4084 224 4150 addit,
246 4084 293 4140 sed
316 4082 425 4155 quidem
443 4083 576 4140 Tiuroilrci
598 4083 715 4140 lrmretici
730 4081 940 4155 Apollinarium,

138 4179 178 4235 uti
194 4179 358 4250 exemplaria
378 4177 462 4234 multa
482 4176 540 4250 ejus
555 4177 594 4234 rei
608 4175 688 4234 hdcru
705 4175 846 4234 iaciebant.
863 4173 940 4245 erod

137 4278 182 4329 est
202 4269 235 4327 ad
257 4271 418 4327 calomniam
440 4268 519 4326 istam
540 4286 574 4328 ex
591 4270 659 4328 actis
679 4269 810 4343 Ephesini
830 4271 939 4327 corrciiii

138 4365 262 4438 petitam,
282 4355 398 4420 uidimus
414 4379 508 4435 snpra,
531 4363 594 4436 quid
610 4365 691 4420 etiarn
707 4361 849 4420 Facundus
871 4364 939 4422 tter·

138 4458 287 4514 arianensis
300 4457 431 4531 scriptum
448 4457 597 4528 reliquerit.
612 4455 665 4514 Sed
682 4457 811 4513 Leontius
823 4455 938 4515 subinde

137 4550 272 4624 inquiens,
294 4551 419 4606 enimuero
441 4567 520 4623 quum
540 4549 607 4606 nihii
622 4549 694 4606 nobis
712 4548 758 4605 iiio
780 4549 938 4618 adversetur,

1039 903 1127 973 Atque
1144 902 1274 961 hactemus
1287 905 1368 961 iruulta
1382 905 1532 976 antolianus,
1550 924 1611 979 qnae
1624 910 1667 966 rel
1686 912 1805 983 pertina-

1003 994 1079 1051 cibus
1106 994 1221 1068 ingeuiis
1244 996 1408 1069 persuadere
1427 1011 1550 1072 possunt,
1569 1001 1658 1058 datam
1683 1005 1747 1061 oiinr
1771 1007 1804 1062 ad

1004 1087 1160 1163 Dionysium
1179 1091 1332 1163 epistolam,
1347 1101 1376 1148 et
1389 1091 1440 1149 sub
1457 1090 1521 1150 iulii
1537 1093 1649 1152 hannani
1670 1096 1806 1170 ponilhris

1003 1185 1112 1242 rromine
1127 1185 1161 1242 nh
1177 1186 1311 1243 haereticis
1332 1187 1502 1260 errrlgotarn,
1516 1188 1563 1245 uni
1578 1184 1726 1262 Apollinari
1745 1208 1806 1250 csso

1003 1276 1219 1346 restituendam,
1244 1279 1323 1337 sicuti
1349 1279 1468 1354 legitimo
1491 1279 1563 1338 illins
1587 1287 1703 1354 parenti.
1729 1285 1806 1342 Nurum

1002 1367 1134 1438 addimus,
1149 1366 1294 1428 iustiniani
1311 1373 1476 1444 terrrporihus
1490 1384 1542 1431 tam
1558 1387 1647 1434 certos
1657 1377 1691 1434 de
1701 1394 1731 1435 en
1743 1396 1806 1450 sup·

1003 1463 1138 1535 positione
1153 1463 1236 1520 inisse
1248 1463 1408 1535 catholicos,
1424 1477 1534 1539 taurique
1549 1466 1666 1526 rohnstis
1680 1486 1728 1543 pro
1741 1450 1804 1527 t‘oru

1001 1554 1073 1612 lama
1089 1556 1186 1613 tuenda
1200 1559 1258 1614 ilios
1270 1559 1401 1617 militasse
1418 1561 1594 1633 argumentis,
1609 1552 1638 1619 nt
1652 1580 1760 1622 ormnem
1773 1583 1803 1621 ra

1002 1648 1037 1706 dc
1050 1667 1079 1707 re
1093 1665 1123 1707 se
1134 1653 1277 1709 sustulisse
1289 1651 1428 1710 dubitandi
1447 1655 1578 1712 rationem
1597 1657 1683 1729 palam
1697 1657 1805 1730 prolite-

1002 1752 1107 1798 rentur.
1122 1741 1254 1816 llypatins
1272 1745 1415 1818 episcrqurs
1438 1736 1591 1818 Ephesiates
1612 1749 1639 1806 in
1658 1751 1804 1807 collacione

1000 1927 1032 1982 C.
1050 1935 1128 1996 teste,
1145 1928 1231 1984 aiebat
1245 1947 1251 1983 :
1267 1927 1341 1985 Beati
1354 1929 1422 1987 tolli
1436 1936 1562 2005 [corrosum
1577 1928 1651 1990 iliam
1668 1933 1801 2007 epistolum

1000 2020 1134 2091 rrrarriieste
1153 2017 1311 2093 Apollinaris
1337 2024 1494 2082 ostendimus
1521 2026 1600 2100 [uisse
1625 2031 1746 2103 scriptam
1768 2032 1802 2084 ori

1000 2111 1165 2189 Dionpsinm.
1196 2115 1274 2173 Paria
1306 2114 1457 2177 aihrmabai
1489 2121 1613 2180 laudatus
1643 2125 1802 2179 Anastasius

1000 2207 1141 2280 presbyter
1154 2207 1181 2263 in
1196 2207 1289 2280 Eclog.
1307 2215 1439 2288 χρήσεων.
1454 2211 1507 2270 Sed
1522 2223 1549 2270 et
1566 2213 1595 2272 S.
1613 2213 1742 2288 Errlngins
1757 2233 1802 2288 pa-

998 2294 1116 2355 lriareiur
1133 2298 1346 2372 Alexandrinos,
1362 2302 1409 2375 qui
1423 2305 1539 2375 eodem,
1554 2302 1607 2379 quo
1620 2307 1801 2375 lastinianus,

998 2402 1024 2449 et
1039 2390 1180 2462 Leontius,
1195 2393 1295 2451 sacruto
1314 2393 1414 2464 lhnuit,
1431 2393 1501 2454 idern
1518 2396 1632 2457 testatur
1647 2403 1717 2474 apud
1731 2402 1801 2460 Phc-

999 2487 1064 2542 ιίιιιιι
1079 2487 1140 2544 cod.
1153 2488 1217 2556 959,
1238 2489 1273 2545 ita
1292 2489 1413 2548 scribens
1429 2491 1519 2550 z'Ahio'z
1528 2496 1578 2573 peip
1593 2500 1633 2552 rai
1648 2499 1664 2557 i
1683 2506 1798 2576 χρῆσις.

997 2575 1158 2657 riurieipcorc
1171 2584 1321 2658 προκομίζει
1336 2583 1362 2638 iu
1379 2593 1424 2647 τῆς
1441 2585 1506 2660 πρὸς
1521 2589 1649 2644 Διονύσιον
1665 2590 1801 2652 ἐπιστολῆς

996 2679 1041 2728 τοῦ
1051 2672 1152 2730 Ἰουλίου
1162 2674 1261 2752 ρ’ὧμης,
1277 2677 1442 2752 ἁναμφίὸολον
1454 2682 1500 2754 μὲν
1512 2683 1555 2735 οὐκ
1568 2679 1627 2754 ε”χιι
1644 2673 1673 2738 cd
1687 2687 1799 2760 γνήσιον.

997 2763 1055 2821 llere
1069 2776 1111 2822 est
1128 2785 1134 2821 :
1151 2765 1205 2823 Sed
1223 2785 1291 2824 enirn
1309 2771 1494 2840 testimoninm,
1510 2775 1580 2845 quood
1597 2774 1700 2830 ireresis
1715 2776 1800 2848 adieri

996 2876 1029 2915 ec
1039 2861 1147 2930 epistole
1156 2860 1224 2918 iotis·
1234 2861 1345 2919 Rorrroni
1357 2863 1392 2920 od
1403 2861 1569 2938 Dionysium,
1581 2867 1652 2922 lrand
1661 2867 1738 2923 dubie
1748 2887 1799 2924 ιιοιι

996 2963 1034 3010 ost
1046 2943 1200 3026 'guarcinum
1216 2955 1299 3028 Cujus
1322 2957 1361 3014 rei
1382 2969 1569 3030 sagrimentum
1587 2952 1652 3017 iliud
1671 2961 1799 3034 Eulogius

997 3045 1139 3113 ureruorat,
1156 3041 1228 3122 quod
1243 3067 1324 3122 supra
1342 3051 1489 3120 inrrnimuS,
1505 3069 1603 3126 uenrpe
1623 3057 1650 3111 S.
1667 3055 1797 3128 cyrillum

997 3146 1023 3198 ln
1051 3137 1157 3225 synodo
1183 3141 1318 3215 Equresina
1342 3145 1486 3217 quemdum
1511 3147 1619 3219 quidum
1642 3148 1799 3204 adhibuisse

141 3239 256 3300 refutata
281 3239 424 3298 nouimusl
446 3239 519 3297 Fieri
541 3257 594 3296 ιιοιι
619 3234 714 3311 quotuit,
738 3247 765 3295 nt
788 3237 980 3311 aposolicae
997 3235 1086 3292 locum
1101 3251 1132 3292 es
1147 3237 1259 3308 epistola
1271 3232 1332 3294 Julii
1346 3237 1379 3294 nd
1394 3236 1516 3307 bocinur,
1532 3253 1559 3296 at
1572 3226 1685 3297 oilerius
1698 3243 1799 3312 episto-

995 3329 1029 3386 hu
1047 3330 1082 3386 ad
1105 3329 1261 3404 itinnysiurn
1276 3329 1357 3399 daia,
1376 3348 1538 3404 quarnqucnn
1559 3333 1688 3390 adversus
1703 3335 1798 3390 Nestu-

995 3423 1086 3480 rianos
1097 3425 1275 3502 disertissime
1289 3427 1442 3499 pugnantis,
1460 3424 1560 3482 nuliam
1575 3426 1670 3486 iecisse
1684 3429 1798 3485 meruti»-

994 3533 1067 3584 nem,
1083 3533 1138 3573 non
1157 3519 1208 3574 aiio
1229 3534 1295 3576 sane
1309 3519 1461 3588 domasset,
1480 3537 1560 3591 qunnr
1581 3516 1652 3593 quod
1666 3531 1711 3576 arri
1733 3539 1798 3577 cen-

994 3621 1076 3678 seret,
1088 3614 1135 3667 ant
1145 3623 1314 3682 corrupertnm
1326 3608 1448 3680 haberet,
1459 3630 1616 3686 geroianum
1627 3609 1690 3670 Julii
1702 3611 1795 3670 lotnnr

993 3703 1073 3761 istam
1087 3721 1141 3763 non
1158 3723 1229 3764 esse.
1245 3707 1334 3764 'lestis
1349 3721 1389 3766 est
1404 3707 1476 3766 idern
1492 3709 1634 3781 EuloginS,
1651 3708 1796 3783 Burtuchia·

993 3811 1043 3852 nos
1056 3798 1155 3855 citasse
1168 3815 1217 3869 pro
1227 3800 1390 3857 adstruenda
1402 3818 1453 3857 uns
1465 3801 1491 3858 in
1503 3799 1611 3858 Christo
1623 3811 1727 3870 natura,
1741 3819 1794 3858 non

992 3890 1080 3946 solum
1096 3893 1238 3965 epistolam
1260 3911 1361 3950 rrrrnca
1380 3895 1458 3952 nobis
1477 3895 1576 3951 editam
1590 3895 1641 3951 sub
1660 3890 1723 3952 iulii
1743 3910 1793 3950 no-

993 3985 1076 4054 rnine,
1092 3985 1139 4041 scd
1154 3996 1182 4042 ct
1195 3986 1258 4055 alin,
1274 4003 1333 4060 ane
1347 3989 1504 4056 Athanasio,
1521 3997 1549 4046 et
1560 3987 1691 4060 Gregorio
1705 3975 1794 4044 'ilian-

993 4089 1118 4154 maturgo
1129 4076 1331 4137 adscribebant.
1351 4083 1405 4137 Ant
1426 4098 1519 4138 eornrn
1540 4089 1692 4138 cornrnentu
1709 4081 1793 4137 Erulo-

992 4174 1052 4249 gius
1077 4173 1214 4246 explodit,
1243 4175 1429 4242 contendens,
1451 4191 1588 4248 nunquam
1608 4175 1794 4231 sanctissimos

992 4265 1054 4324 ilios
1064 4267 1158 4324 Patres
1172 4267 1233 4324 talia
1245 4261 1341 4325 litteris
1355 4269 1508 4337 mandasse,
1521 4271 1566 4326 sed
1580 4281 1719 4326 auctorem
1733 4272 1794 4341 qni·

992 4361 1054 4418 dem
1077 4378 1171 4419 eoram
1196 4359 1279 4420 inisse
1298 4364 1493 4435 Apollinarem,
1514 4357 1670 4438 iirrtyehetis
1689 4372 1792 4436 scriem,

991 4469 1025 4512 ae
1043 4451 1136 4512 &ucri
1156 4463 1305 4513 sectatores
1328 4452 1421 4512 lrande
1443 4457 1509 4513 satis
1530 4467 1623 4528 aperta
1643 4447 1741 4513 deinde
1761 4471 1793 4512 ca

991 4551 1166 4622 supposuisse
1179 4551 1363 4608 celeberrimis
1375 4552 1430 4609 iilis
1443 4552 1572 4610 Ecclesiae
1582 4551 1722 4610 catholica
1736 4552 1794 4623 epi·

137 4646 207 4720 qirod
230 4662 285 4701 earn
304 4645 371 4701 totio·
395 4647 494 4712 dmnrri,
520 4645 594 4718 flocci
616 4645 762 4719 [noierrdunr
786 4656 822 4701 est
838 4663 847 4702 .·
864 4654 939 4702 recte
952 4649 979 4716 Β
992 4643 1091 4715 scopis.
1114 4641 1228 4711 urceo,
1245 4653 1273 4700 ut
1291 4661 1371 4718 supro
1389 4642 1638 4714 animadvertimus,
1661 4655 1687 4702 ct
1706 4645 1793 4702 Lcoru

137 4738 213 4806 iecit,
230 4739 275 4811 qui
295 4753 348 4793 ιιοιι
368 4735 431 4804 sibi,
445 4745 527 4810 atque
543 4736 742 4808 csenupiaribus
758 4740 861 4792 tanturn
879 4751 938 4794 eree
991 4737 1055 4804 tius,
1074 4747 1101 4792 et
1120 4737 1250 4808 Euagrius
1270 4737 1415 4794 tradidere.
1433 4734 1614 4809 anrrrobrenr
1635 4738 1732 4794 rrreritn
1750 4752 1793 4792 nr·

137 4830 216 4898 didit,
231 4840 259 4887 ιιι
272 4831 379 4902 penitus
392 4829 561 4900 abjrrdicaret
574 4827 644 4886 iulio
658 4829 791 4886 laudatam
806 4829 866 4902 ejus
878 4831 939 4902 epi·
991 4831 1085 4888 bitrari
1097 4832 1152 4902 iarn
1165 4832 1296 4904 cogimur,
1311 4841 1376 4889 tnnc
1391 4849 1484 4905 parurn
1498 4835 1694 4906 circumspecte
1710 4834 1791 4890 Baro·

136 4924 234 4980 stolam
254 4920 287 4978 ad
306 4919 429 4978 boeium.
446 4919 511 4976 Nam
527 4919 791 4994 praeterquamquod
811 4921 877 4977 nihil
893 4921 938 4978 ilia
991 4926 1065 4982 nium
1086 4928 1239 4999 scripsisse,
1264 4927 1372 5001 quaudo
1393 4943 1409 4984 a
1429 4927 1598 4985 Austorianis
1620 4939 1716 4986 cuncta
1743 4928 1793 4983 im·

136 5015 293 5072 continebat
306 5030 339 5072 ex
356 5015 439 5088 ipsius
453 5012 560 5072 Leontii
576 5015 765 5084 confessione,
779 5013 852 5088 quod
867 5011 938 5074 totto
988 5019 1108 5092 jusmodi
1135 5020 1260 5092 iignucnta
1287 5020 1419 5093 prodiisse
1442 5021 1528 5090 dixit,
1553 5037 1614 5094 qum
1637 5032 1711 5079 certe
1739 5035 1791 5077 uon

136 5107 259 5166 Romano
272 5105 412 5181 pontifice,
421 5117 449 5166 et
460 5108 654 5166 catholicorum
668 5109 788 5182 principe
799 5109 937 5181 indignum

135 5205 218 5282 ieret,
240 5204 407 5276 Ephrseririus
423 5205 575 5276 patriarcha
592 5205 777 5262 Antiochruns
799 5202 845 5260 lib.
861 5220 889 5259 ru
905 5203 939 5259 ile

136 5299 224 5356 sac'ris
241 5297 358 5368 Legibus
373 5297 442 5369 apud
456 5297 582 5354 Photinus
599 5298 661 5354 cod.
675 5297 739 5364 uuit,
762 5298 845 5370 ipsam
868 5295 939 5354 Jnlio

137 5394 199 5450 siue
219 5391 387 5450 dubitatione
410 5392 515 5460 tribuit,
536 5401 565 5448 et
585 5407 618 5448 eu
642 5391 736 5449 eadem
754 5393 833 5448 rerlra
857 5391 938 5447 eriam

137 5489 269 5548 norrrnrlla
290 5487 399 5545 delibat.
415 5487 497 5544 Plura
517 5487 609 5544 itidem
632 5501 665 5544 ex
680 5487 737 5555 ilia,
753 5497 887 5557 nunqnam
906 5501 939 5542 cx

137 5601 266 5658 germano
280 5587 342 5644 lulli
358 5585 433 5654 lietu,
451 5584 553 5658 proicit
572 5586 731 5642 Aunsursius
751 5586 891 5658 presbyter
913 5586 939 5641 in

138 5681 232 5754 Eoisg.
244 5689 294 5738 τῶν
308 5685 430 5760 χρήσιων
444 5685 506 5759 περὶ
524 5689 571 5745 τῆς
587 5683 653 5744 θείας
668 5682 800 5758 maioque,
816 5695 876 5752 esp.
894 5679 940 5750 58,

137 5775 191 5834 nisi
218 5775 289 5848 qnod
315 5777 443 5834 Acacium
473 5791 521 5848 pro
548 5775 630 5832 Decio
660 5775 755 5842 hahet,
784 5763 907 5832 s'crihcns
933 5794 939 5830 :

144 5869 239 5931 rootlos
251 5870 390 5936 ὶπισκὸποιι
402 5869 489 5950 ῥώμης
502 5870 529 5926 in
539 5877 585 5932 τῆς
594 5869 659 5956 πρὸς
668 5865 780 5938 'somno
789 5867 940 5933 iarorohsic:

990 5113 1118 5182 Nestorii,
1134 5114 1181 5170 sed
1194 5113 1351 5186 Eutychctis
1365 5115 1605 5186 patrocinabantur
1620 5113 1719 5171 errori.

1029 5211 1115 5268 Porro
1143 5211 1288 5267 dolcminru
1318 5224 1381 5280 est,
1406 5210 1512 5282 iamdiu
1539 5209 1674 5268 excidisse
1709 5223 1792 5280 opera

991 5304 1138 5377 Epirus-unii
1161 5302 1322 5361 Amincheni
1345 5320 1426 5376 snpra
1447 5303 1556 5359 arichis
1577 5302 1688 5366 laudati,
1705 5301 1793 5373 quiet

991 5401 1050 5473 ipsc
1068 5398 1130 5455 risit
1148 5398 1249 5454 seculo
1262 5397 1363 5454 illinisti
1378 5407 1466 5453 sesto.
1481 5394 1546 5452 inde
1559 5395 1629 5451 eninr
1649 5394 1722 5464 nullo
1737 5390 1792 5448 ior-
1838 5451 1841 5455 ἴ

992 5505 1064 5551 tasse
1078 5491 1318 5564 negorioconstare
1328 5498 1429 5561 posset,
1440 5484 1790 5560 qnantnmabApollinaris,

992 5598 1021 5645 et
1040 5585 1199 5660 Eutychctis
1225 5583 1398 5656 ‹spinionibns
1424 5582 1533 5638 abesset
1551 5579 1614 5636 iulii
1643 5578 1727 5635 nostri
1742 5575 1793 5634 do-

992 5681 1090 5738 ctrina.
1115 5676 1337 5749 Quandoquidem
1367 5684 1456 5732 tamen
1482 5673 1540 5746 ejus
1562 5672 1645 5728 lihros
1666 5679 1792 5730 accurate

994 5791 1047 5830 ιιιιιι
1073 5772 1162 5828 solum
1188 5771 1347 5836 recensuit,
1373 5767 1516 5824 sedetiam
1542 5765 1633 5821 nrultis
1656 5762 1789 5835 expressit

994 5862 1107 5928 Photinus
1117 5866 1144 5923 in
1167 5862 1303 5931 biblioth,
1315 5861 1376 5919 cod.
1391 5859 1444 5919 228
1456 5868 1484 5917 et
1504 5856 1569 5928 229,
1585 5854 1705 5914 delibare
1711 5853 1788 5926 jurat
