3975 6292
202 246 252 305 tit
848 232 1076 295 constantini
1094 234 1202 295 duddi
1791 241 1840 301 tia

201 361 394 435 arreptitiis
406 351 927 433 βίον;ποιαιςδικαὲποςδοστραπιδοις
940 371 1006 409 σνν-
1019 361 1047 422 Α
1059 348 1183 409 affecisti.
1199 350 1270 421 Quid
1291 366 1382 411 rerunt
1404 368 1477 411 nunc
1499 354 1556 427 ogis
1581 363 1642 425 post
1664 354 1733 413 banc
1745 356 1842 413 vitoni

202 459 255 531 δχο
268 454 471 535 asperrimam
486 448 564 517 ι’διιξι
582 447 610 506 δι
624 447 695 505 καὶὸ
707 446 804 525 μεταξὺ
822 450 868 501 τοῦ
885 444 943 517 βίου
962 446 1007 500 καὶ
1058 446 1167 518 quantis
1193 454 1221 503 et
1241 460 1321 520 quam
1355 444 1510 505 difficilibus
1545 447 1672 505 [crumnis
1705 450 1843 520 prenrerisl

201 550 384 614 misericornia
407 546 502 625 χρόνος
523 549 569 605 τὴν
592 546 640 603 σήν
662 539 1006 613 maximinianum
1058 539 1144 599 Tuam
1158 552 1233 598 celle
1257 538 1444 598 infelicitatem
1466 542 1532 597 stitis
1545 554 1681 613 saporque
1705 541 1844 600 desialttii
1960 598 1961 601 ,

202 647 337 707 σκυδικοῖς
360 639 457 721 πιδίοις
480 641 645 717 πανστρατιᾷ
670 638 773 700 arsin,
798 633 828 692 τὸ
853 631 1007 710 rapidiores
1060 632 1124 689 iliud
1145 630 1274 703 temporis
1286 632 1415 704 spatium,
1428 632 1500 705 qrrod
1514 632 1586 689 inter
1598 633 1680 691 vitan
1695 648 1727 691 ac
1739 645 1843 692 mortem
1962 669 1963 693 ι

201 736 333 812 ιΡωμαίων
348 736 442 814 κράτος
453 732 513 810 siper
524 739 577 793 τοῖς
588 732 676 793 Γέταις
691 731 727 792 alr
740 726 935 805 καταφρόνησιν.
945 727 1008 783 tiit
1060 733 1133 782 ittam
1156 724 1327 793 itrtercessi13
1351 739 1413 783 cDDt
1429 733 1457 783 lu
1478 724 1505 781 in
1519 725 1622 796 campis
1644 725 1775 799 Scythicis
1798 743 1844 784 una

203 833 289 904 οὐρα,
303 827 464 905 οδαλιριανδ,
476 830 522 885 τοι
538 824 681 897 μιαιρονίαν
695 818 863 894 ἐνδιιξάρινοτ
872 824 929 879 τοῖς
940 818 1008 876 rino-
1060 818 1209 877 cumomni
1232 820 1355 875 exercitu
1369 827 1529 891 prostratus,
1554 818 1698 890 imperium
1714 834 1844 877 romanum

202 921 272 985 κδοις
286 926 426 986 roseros,
443 916 571 979 τήνδσίαν
585 918 669 990 κρίσιν
681 914 808 989 ὶξίρρνας,
822 912 1009 987 ἁλοὺιαίχρίι
1061 920 1203 984 tantopere
1215 911 1314 984 ubique
1332 912 1496 969 celebratum
1513 910 1663 969 Gothorum
1689 915 1846 985 contemptui
1963 884 1964 921 i

200 1017 284 1081 ὶιιτδς
296 1037 324 1073 τι
342 1019 388 1071 καὶ
403 1012 505 1086 δι’σμιος
518 1013 608 1083 ἀχθεὶς
617 1011 665 1065 σὺν
679 1009 746 1084 αὐτῇ
764 1005 903 1084 πορφυρίδι
915 1009 959 1061 καὶ
971 1013 1009 1081 τῷ
1060 1020 1093 1063 ac
1107 1006 1226 1063 ludibrio
1251 1005 1410 1076 exposuisti.
1433 1004 1473 1061 Tu
1491 1020 1611 1077 quonrre,
1625 1005 1846 1075 interimerunt

198 1106 283 1185 ’λοιπῷ
298 1108 421 1181 βασιλικῷ
442 1106 542 1179 κόσμῳ,
556 1102 627 1166 robor
646 1099 674 1158 di
693 1100 745 1157 dni
763 1103 887 1179 Σαπδιροο
907 1106 1010 1178 turpans
1061 1100 1184 1157 eamdem
1202 1096 1389 1155 crudelitatem
1413 1097 1441 1153 in
1470 1097 1585 1154 lamolos
1600 1096 1647 1153 Dei
1678 1096 1846 1166 declarasses,

203 1200 333 1278 βασιλέως
352 1196 488 1271 ἐκδαρῆναι
508 1195 633 1256 sinodale
645 1196 687 1249 καὶ
696 1182 873 1270 ταριχευθεὶς,
883 1193 1008 1269 τρόπαιον
1061 1192 1163 1265 justum
1176 1190 1224 1247 Dei
1237 1190 1365 1261 iudicium
1380 1190 1501 1246 onmium
1515 1189 1601 1247 oeulis
1615 1188 1775 1268 subjecisti,
1789 1204 1847 1261 cap-

202 1303 251 1357 πος
264 1288 520 1361 σαντοῡδοστοχίας
540 1286 656 1349 ἔστασας
670 1289 781 1343 αἰώνιον·
797 1288 884 1342 καὶσὺ
902 1284 941 1351 di,
954 1282 1009 1341 ’Δο-
1061 1290 1105 1339 tus
1132 1282 1166 1338 ab
1189 1281 1314 1339 hostibus
1339 1292 1367 1339 et
1388 1282 1415 1338 in
1435 1282 1550 1339 vinculis
1576 1282 1774 1338 circumductus
1793 1298 1848 1339 curn

203 1386 316 1466 ρηλιανδ,
332 1384 389 1457 φλὸξ
400 1385 501 1439 πάντων
515 1380 697 1454 ἁδικομὰτονν,
712 1378 782 1443 ὅπως
801 1382 940 1455 δπιραιῶς,
954 1378 1009 1437 δια-
1062 1374 1205 1447 chlamyde
1230 1389 1364 1446 purpurea
1377 1384 1405 1431 at
1419 1374 1523 1447 reliquo
1537 1373 1672 1447 imperiali
1693 1375 1765 1432 cultu
1778 1393 1784 1431 ι
1797 1385 1848 1431 tan-

203 1478 308 1555 τρδχων
317 1480 360 1533 καί
369 1477 485 1549 inpense
494 1480 540 1536 τον
551 1476 663 1553 θροζοοιν,
678 1477 766 1538 κοπιίς
776 1474 873 1551 lupiag
879 1472 1008 1549 λιωρδρῳ,
1060 1468 1122 1527 dem
1137 1484 1203 1526 vero
1215 1483 1231 1525 a
1242 1468 1345 1541 Sapore
1357 1484 1496 1541 persarum
1507 1484 1583 1542 rego,
1594 1468 1716 1527 detracta
1731 1470 1778 1527 tibi
1785 1480 1850 1539 cote,

202 1572 265 1634 sotir
277 1566 395 1631 αὔλακας
406 1576 453 1634 τῆς
465 1566 537 1637 ὁδοῦ,
555 1569 669 1634 ironicis
681 1569 790 1643 αἵματος
803 1570 965 1648 tulupam.
1063 1561 1167 1619 condiri
1191 1562 1307 1634 jussus,
1334 1564 1529 1633 sempiternum
1553 1563 1718 1620 calamitatis
1739 1572 1851 1621 iuoetro·

585 1680 589 1689 ·
1020 1648 1045 1709 Β
1059 1670 1147 1727 paam
1158 1654 1337 1728 spectandum
1349 1654 1547 1727 prebuistil'u
1558 1656 1634 1721 item,
1646 1655 1798 1722 Aureliane,
1812 1655 1850 1711 lar

203 1747 325 1807 omnium
338 1746 484 1814 vitiomm3
505 1760 586 1817 quam
599 1746 728 1817 presenti
741 1754 768 1804 et
788 1746 932 1820 perspicua
956 1744 1041 1804 divini
1063 1745 1186 1803 Numinis
1206 1747 1343 1817 vindicta,
1369 1746 1433 1805 dum
1460 1746 1553 1805 lurore
1575 1749 1694 1819 percitus
1718 1749 1848 1807 Thraciam

203 1854 391 1927 ροιοοτιοιοι,
406 1841 434 1899 in
448 1838 538 1898 medio
552 1841 603 1899 rie
622 1839 736 1914 pontica
764 1856 862 1910 casus,
887 1840 980 1900 sulcos
1005 1843 1110 1914 aggeris
1125 1841 1223 1915 publici
1237 1843 1322 1916 impio
1333 1842 1464 1917 sanguine
1475 1842 1669 1916 complevisti?

224 1994 286 2039 w.
309 1990 681 2048 ”imsimilitudinem
703 1992 903 2045 barattarias
921 1994 1031 2038 lmlilo
1045 1992 1076 2037 SE
1094 1996 1250 2052 tentastis,
1271 1996 1306 2040 ΙΤ
1319 1995 1364 2050 QUI
1382 1994 1415 2041 OB
1430 1994 1612 2041 actuarias!
1630 1997 1839 2045 Psnsscwtonsa

861 2090 979 2133 anulus
997 2089 1144 2135 rsmnssas
1156 2090 1215 2134 EST.

203 2215 210 2228 '
242 2211 584 2289 οιοκλοτιανδςδδμιπὰτδν
597 2214 740 2287 μιαιφονίαν
748 2217 795 2270 τοῦ
811 2208 924 2285 διωγμοῦ
936 2213 1013 2277 αὐτὸς
1104 2212 1286 2272 Diocletianus
1300 2228 1367 2271 tero
1377 2223 1438 2287 post
1450 2224 1591 2273 cruentam
1606 2217 1856 2287 persecutionissa·
1969 2174 1970 2205 ἶ

206 2303 729 2384 δανιοῦκαταψοριοὰρινοςδιᾰτδντδι
745 2304 890 2381 ἀφροσύνας
903 2305 1012 2382 mins,
1066 2306 1170 2377 vitiam,
1188 2314 1294 2365 suamet
1315 2306 1375 2381 ipsa
1394 2306 1528 2367 scnnntia
1542 2306 1700 2380 damnatus,
1722 2310 1757 2369 ob
1771 2308 1856 2367 uitium
1970 2336 1971 2347 ι

893 2419 1033 2481 vitasti
1046 2420 1161 2481 ΝΟΜ.

244 2547 392 2628 stirpem
407 2545 540 2609 αιλινδιις.
554 2540 679 2599 Dectcin
694 2538 766 2596 libro
777 2537 868 2595 lloraei
884 2538 1015 2595 ernenda-
1068 2540 1133 2597 dum
1155 2540 1297 2614 imperium
1317 2538 1492 2599 invitantibus
1514 2540 1673 2613 respondit,
1696 2550 1800 2615 quantae
1817 2557 1857 2599 sa·
1971 2516 1972 2562 ³

209 2631 255 2679 tar
264 2620 415 2682 κιλιοσθιίς.
438 2618 523 2672 Porro
535 2614 570 2670 de
582 2612 719 2668 Valeriani
730 2610 798 2683 imp.
818 2619 882 2667 cute
896 2624 911 2665 a
924 2610 1015 2667 Persis
1040 2634 1045 2643 ·
1069 2612 1176 2684 pientiae
1196 2614 1260 2669 est?
1279 2613 1378 2669 atinum
1392 2612 1497 2671 Sutonoe
1509 2615 1617 2685 possetis
1629 2615 1712 2671 uisere
1725 2614 1792 2673 olera
1804 2631 1857 2671 nor·

209 2693 332 2751 detracta
343 2701 371 2747 et
380 2689 438 2747 sala
449 2686 568 2748 condita,
583 2684 629 2741 alii
644 2684 726 2741 etiam
739 2683 887 2753 scriptores
896 2682 1014 2752 loquun·
1068 2685 1115 2740 tris
1128 2684 1244 2740 munibus
1259 2693 1324 2741 roto.
1338 2684 1430 2757 ltaque
1442 2684 1468 2741 in
1481 2686 1528 2741 illo
1538 2700 1647 2741 secessu
1663 2701 1770 2757 semper
1780 2688 1859 2742 cuitus

209 2775 264 2821 tur.
287 2764 327 2820 lta
346 2771 421 2820 certe
432 2760 528 2816 Petras
543 2755 677 2813 Patricius
695 2754 724 2810 in
745 2753 887 2823 Excerptis
904 2754 1016 2823 legatio-
1068 2766 1110 2813 est
1120 2756 1154 2812 ab
1164 2756 1289 2815 omnibus
1299 2756 1373 2812 illius
1384 2759 1512 2827 temporis
1523 2758 1742 2827 imperatoribus,
1754 2758 1796 2828 qrri
1805 2773 1857 2813 eun
1972 2738 1973 2759 ³

210 2851 289 2902 num,
300 2833 370 2906 apud
383 2847 464 2958 inem
475 2829 599 2886 Galerius
609 2826 756 2897 exprobret
766 2824 867 2891 Persis,
879 2824 951 2897 quod
963 2823 1017 2881 Va·
1068 2836 1194 2900 tanqrram
1214 2836 1316 2899 patrem
1332 2828 1457 2898 religiose
1476 2828 1667 2885 observabant.
1688 2829 1756 2886 audi
1772 2828 1860 2885 Eume·

209 2906 345 2963 larianum
360 2903 431 2961 dois
450 2902 663 2958 circumventam
682 2894 716 2953 ad
736 2895 858 2952 ultimam
870 2911 956 2966 usque
969 2911 1015 2951 se·
1069 2900 1143 2955 nium
1155 2901 1182 2956 in
1195 2900 1359 2971 Panegyrico
1370 2914 1450 2973 quem
1464 2898 1531 2955 dixit
1543 2900 1721 2957 Constantino
1735 2918 1742 2955 ι
1757 2902 1787 2956 At
1801 2901 1860 2955 eninr
1973 2891 1974 2943 i

211 2986 351 3035 nectutem
380 2974 515 3045 captivum
546 2969 728 3035 detinuerint;
753 2982 786 3025 ac
812 2975 873 3036 post
900 2979 1016 3023 mortem
1069 2972 1183 3029 diuinam
1197 2972 1270 3027 iilum
1287 2972 1388 3033 uirum,
1405 2971 1448 3042 poi
1462 2972 1707 3044 primnsimperinnr
1723 2982 1748 3028 ct
1767 2972 1860 3044 partiri·
1973 2974 1974 2989 ³

212 3049 317 3107 nelarie
335 3055 426 3105 cotem
447 3044 506 3116 eius
520 3049 670 3111 seruantes,
684 3039 784 3098 mortui
794 3052 893 3111 corpus
906 3039 1018 3096 immor·
1069 3045 1139 3117 puoir
1154 3053 1178 3099 ιι
1190 3045 1292 3115 posuit,
1308 3042 1409 3098 consilii
1421 3052 1446 3098 ιι
1461 3043 1522 3115 {arti
1534 3044 1575 3099 rai
1594 3060 1646 3099 ποιι
1660 3045 1770 3129 pertint.
1794 3042 1861 3099 Folia

214 3120 263 3178 tati
273 3118 414 3177 affecerint
428 3114 586 3187 ignominia.
1031 3084 1055 3149 C
1069 3117 1208 3183 beatasque
1222 3130 1279 3171 uere
1293 3122 1466 3182 prensatur
1481 3122 1611 3171 tantorum
1624 3116 1769 3187 principum
1783 3114 1862 3171 colant
1974 3107 1975 3155 i

1071 3182 1147 3243 obsr'
1165 3189 1191 3241 io
1205 3187 1341 3258 priuatonr.
1358 3186 1399 3243 An
1417 3200 1484 3243 raro
1497 3197 1550 3242 tam
1565 3187 1688 3255 impense
1707 3187 1792 3244 cultus
1804 3186 1861 3241 lois·

1071 3268 1113 3315 set
1152 3258 1309 3315 iocletianus
1319 3271 1334 3313 a
1346 3267 1462 3331 quatuor
1475 3257 1603 3342 Augustis
1617 3258 1829 3330 imperatoribus,
1841 3256 1861 3313 si

1072 3332 1170 3387 mentis
1180 3344 1237 3387 suae
1251 3344 1345 3401 parum
1358 3344 1470 3403 compos
1490 3328 1602 3395 lmssct;
1619 3345 1653 3385 aa
1670 3330 1811 3387 Eumenius
1823 3328 1860 3385 di·

1072 3402 1164 3458 vinum
1175 3403 1260 3457 virum
1276 3400 1574 3465 vocasset,eomaxime
1584 3402 1656 3472 qrrod
1667 3401 1703 3457 im
1740 3401 1804 3458 rium
1816 3402 1862 3469 pri·

1073 3488 1134 3529 mus
1147 3478 1283 3545 posuerat,
1296 3474 1318 3529 si
1331 3480 1440 3599 prolpter
1453 3472 1615 3529 dementiam
1627 3486 1661 3530 ac
1670 3472 1705 3529 da
1715 3472 1792 3529 iriam
1800 3470 1823 3527 id
1832 3469 1862 3526 ab

1073 3544 1119 3602 illo
1133 3544 1230 3601 lactum
1246 3542 1358 3601 inisset?
1393 3554 1511 3601 ostremo
1521 3544 1665 3599 consilium
1679 3544 1715 3601 de
1726 3542 1862 3600 abdicando

252 3235 401 3311 Διατρδχοκ
418 3233 460 3287 mi
478 3231 605 3304 δμμκνος.
625 3225 697 3283 llalo
710 3225 825 3282 consilio
845 3225 1019 3283 Generenses

214 3307 375 3379 perticulam
387 3305 431 3361 sni
440 3301 624 3365 inseruerant,
636 3312 672 3354 cx
686 3296 826 3369 scaligeri,
841 3296 980 3368 bongarsii
991 3306 1021 3353 et

216 3377 343 3443 Grateri,
357 3384 387 3432 ut
398 3374 489 3439 aiant,
508 3371 586 3428 libris
599 3388 606 3425 r
620 3384 701 3442 qoam
713 3367 794 3425 etiam
807 3370 835 3424 in
847 3368 917 3424 libro
928 3368 1020 3424 ilorai

217 3449 351 3522 adjectam
372 3445 472 3502 inveni.
497 3443 595 3499 Verum
615 3456 677 3497 cnm
694 3455 727 3497 ea
745 3438 1020 3511 coniunctiosensam

216 3518 374 3593 perturbet,
388 3531 438 3574 nec
452 3517 480 3572 in
494 3514 519 3569 li
553 3514 585 3569 ”s
596 3512 715 3578 sciredis,
731 3519 777 3567 aut
791 3513 817 3566 in
828 3511 947 3567 editione
956 3512 1022 3566 Ste-

217 3591 323 3665 D¹¹²Di¹
358 3588 521 3658 ³¹⁰⁸·¹⁰⁰8⁰
552 3598 675 3656 ⁰⁰⁸0i¹¹⁶
688 3598 748 3640 ⁰²⁰¹
768 3581 1024 3657 ‘'bl‘iand‘moen‘
1074 3614 1251 3688 imperio,diu
1264 3617 1550 3687 antepersecmionem
1561 3626 1673 3686 ceperat
1684 3616 1861 3680 Diocletianus,

218 3678 279 3722 ⁵⁰⁰·
352 3675 385 3717 ⁰¹
398 3669 487 3716 *Μ’
498 3655 568 3715 Fuk·
580 3670 640 3714 ‘²¹¹¹
650 3655 759 3713 minei·
1074 3697 1140 3745 tunc
1150 3688 1252 3744 scilicet
1267 3701 1327 3743 cam
1343 3687 1378 3743 da
1389 3686 1479 3745 Persis
1491 3687 1603 3757 aliisque
1616 3687 1738 3744 barbaris
1760 3684 1869 3747 nationi,

218 3768 265 3824 ard
283 3770 385 3827 ιήνςῆς
398 3764 543 3842 ἀφροσύνας
557 3761 663 3835 βάδον.
678 3760 764 3830 Quam
783 3760 819 3817 ob
832 3772 939 3815 causam
961 3757 1025 3817 Dio·
1074 3758 1230 3816 busltomae
1246 3758 1429 3829 triumphavit.
1443 3758 1582 3816 lliicenim
1599 3759 1625 3813 in
1638 3757 1863 3829 templolovisca·

219 3838 353 3896 cletiauus
373 3836 516 3906 imperium
537 3831 709 3903 deposuerit,
730 3847 785 3888 uon
805 3833 934 3888 corruenit
954 3832 1025 3888 inter
1077 3829 1181 3899 pitolini
1194 3829 1228 3886 ab
1242 3828 1367 3885 lierculio
1381 3831 1481 3902 collega
1498 3830 1802 3903 sacramentumeregit,
1814 3843 1863 3883 anr-

222 3919 358 3967 auctores.
380 3906 495 3974 Quidam
514 3904 638 3961 scribunt
656 3903 861 3965 Diocletianum,
875 3912 1026 3974 utpotecu·
1076 3900 1127 3961 bos
1137 3917 1190 3957 rrno
1199 3901 1348 3973 οοοοιιιοιιο
1358 3902 1401 3957 dic
1413 3899 1554 3972 imperium
1562 3915 1623 3957 asse
1634 3902 1779 3972 posituros.
1791 3900 1863 3956 Docet

221 3982 325 4039 riosrrm
345 3988 524 4035 scrutatorem
541 3990 630 4031 rerum
644 3974 805 4043 suturarum,
819 3989 880 4031 cnm
892 3990 925 4029 err
941 3974 1023 4031 imru·
1077 3973 1103 4029 id
1128 3972 1273 4030 Eunretrius
1296 3972 1323 4029 in
1345 3975 1504 4045 panegyrico
1524 3972 1579 4043 jam
1600 3973 1707 4029 citato:
1730 3972 1800 4027 llanr
1812 3986 1864 4043 erga

222 4053 327 4124 spicum
352 4048 490 4122 responsis
510 4046 689 4115 comperisset
712 4047 844 4102 marinas
861 4045 953 4101 clades
975 4046 1027 4101 im-
1078 4044 1208 4115 istronpui
1221 4044 1252 4099 ri
1267 4042 1312 4099 itta
1326 4046 1408 4117 sacrm
1423 4044 1642 4115 (rotnodscitrn,
1663 4044 1755 4118 puduit
1767 4044 1863 4106 inituri,-

223 4123 344 4197 pendere
356 4120 523 4193 reipublicae,
536 4126 632 4189 sponte
646 4117 788 4188 imperinm
803 4117 943 4188 abjecisse.
960 4116 1027 4175 'l'es-
1080 4117 1138 4171 laic
1150 4116 1224 4171 iiiam
1235 4116 1263 4171 in
1275 4112 1415 4185 Capitolini
1428 4114 1499 4171 louis
1516 4116 1610 4186 tenrplo
1617 4118 1724 4189 jarossa
1748 4115 1862 4187 panitair.

223 4203 298 4251 tatur
311 4193 337 4249 id
352 4191 479 4248 Aurelius
490 4190 592 4247 Victor.
606 4188 660 4247 lilii
675 4186 807 4251 scribunt,
819 4188 1026 4255 Diocletianum,
1079 4186 1368 4259 Triumpiraritaatem
1384 4186 1568 4243 Diocletianus
1592 4186 1864 4245 liomaacunrilercu-
1974 4216 1975 4219 =

225 4265 254 4322 in
274 4270 431 4320 mvenente
449 4275 526 4325 reso,
539 4274 600 4316 curn
613 4274 643 4317 sc
658 4258 747 4315 minus
761 4260 887 4316 idoneum
900 4258 1029 4329 gerendae
1079 4259 1117 4314 lio
1131 4260 1234 4329 collega
1249 4272 1320 4314 anno
1334 4259 1443 4328 imperii
1457 4257 1501 4321 l8,
1527 4268 1557 4315 ut
1577 4258 1674 4315 scribit
1698 4259 1864 4330 llieronymus

224 4333 382 4407 reipublicae
399 4346 461 4390 esse
481 4333 606 4399 sentiret,
620 4339 675 4387 tum
692 4330 727 4386 ob
744 4330 858 4398 senium,
873 4340 929 4384 tum
948 4345 998 4402 pro
1081 4331 1108 4385 in
1122 4329 1274 4395 Chronico,
1303 4329 1330 4384 id
1357 4339 1416 4397 est,
1442 4345 1514 4386 anno
1547 4338 1694 4401 antennam
1727 4328 1865 4401 persecutio

225 4402 632 4470 terinlirmamvaletudinem,
654 4400 682 4457 id
700 4400 842 4457 consilium
860 4400 975 4472 cepisse.
1005 4410 1030 4457 ta
1082 4400 1393 4457 licretCinistianorum.
1410 4400 1490 4459 Certe
1513 4411 1606 4457 auctor
1630 4401 1785 4476 Panegyrici
1807 4398 1865 4455 dieti

226 4477 385 4549 Eutropius,
397 4482 492 4534 auctor
501 4474 669 4531 certissimus
679 4479 707 4529 et
717 4471 942 4543 elegantissimos.
955 4471 1029 4529 ldem
1083 4472 1244 4530 llasimiano
1257 4480 1283 4528 et
1297 4470 1494 4539 Constantino,
1508 4473 1588 4544 longe
1599 4484 1662 4531 ante
1682 4473 1865 4531 abdicationem

227 4548 323 4605 scribit
340 4550 457 4605 incertus
469 4554 564 4604 auctor
577 4545 604 4601 in
617 4544 785 4617 Panegyrico
802 4559 883 4616 quem
894 4543 963 4599 dixit
976 4542 1032 4599 ila·
1084 4544 1110 4601 id
1126 4545 1268 4600 consilium
1278 4558 1294 4599 a
1305 4542 1472 4601 Diocletiano
1482 4554 1607 4613 captum,
1627 4554 1654 4601 et
1680 4560 1741 4601 cunr
1752 4541 1864 4599 liarculio

228 4619 348 4675 ximiano
363 4618 489 4677 llerculio
501 4627 528 4675 et
541 4615 730 4675 Corratantino.
747 4614 801 4673 Sed
814 4626 915 4682 ιοοιιιι,
927 4615 1029 4686 inquit,
1084 4617 1311 4672 communicatum
1333 4629 1395 4671 esse
1418 4624 1531 4671 testatur
1553 4615 1595 4671 bis
1618 4616 1727 4673 verbis:
1744 4614 1803 4671 Tuto
1824 4620 1864 4676 rat,

229 4700 367 4761 meanrgaa
378 4692 418 4760 [os
428 4690 516 4761 fauit,
531 4705 588 4745 eam
603 4687 744 4759 principem
752 4703 828 4757 pacm
839 4688 902 4743 anni
913 4695 1032 4757 cogerent
1085 4686 1239 4757 Imperator,
1255 4686 1324 4757 quod
1332 4686 1450 4742 odonibus
1461 4687 1534 4743 nobis
1550 4688 1649 4743 incluso
1662 4688 1756 4761 gemitu
1769 4700 1866 4741 maren·

230 4771 256 4817 ct
267 4760 386 4816 arietatio
399 4760 535 4826 ιδιρὶοιτιι,
553 4760 666 4832 receptui
685 4774 786 4814 ιοιιιτσ.
803 4755 841 4814 Te
859 4775 918 4815 aero
934 4758 962 4812 r'rr
980 4774 1032 4831 gno
1085 4759 1152 4813 tibur
1165 4756 1382 4830 torneamenti:
1396 4759 1560 4830 nongnidcm
1580 4767 1607 4813 to
1631 4757 1709 4830 lieip.
1723 4754 1865 4830 negligentia

230 4832 316 4888 odiar
328 4840 389 4887 sont
400 4832 456 4885 istra
469 4831 575 4902 integro
590 4829 730 4901 solidaque
748 4830 824 4896 οὶτιι,
838 4839 891 4887 etc.
904 4831 974 4887 Sunt
985 4830 1031 4902 qui
1085 4840 1130 4885 aot
1146 4830 1241 4884 loboris
1258 4832 1335 4902 sugo,
1350 4839 1395 4885 rot
1413 4829 1517 4886 dnidira
1540 4829 1682 4900 cupiditate
1705 4830 1809 4896 decrat,
1828 4823 1866 4881 red

230 4902 352 4960 scribant
370 4902 579 4973 Diocletianum,
594 4915 656 4958 oum
678 4902 782 4959 rideret
796 4902 989 4960 christianosa
1002 4916 1032 4957 se
1085 4902 1187 4957 consilii
1197 4902 1306 4965 utimar
1318 4916 1358 4956 res
1369 4902 1490 4971 retiner
1503 4917 1547 4957 uos
1557 4902 1646 4974 placiti
1658 4900 1807 4963 constantia,
1819 4905 1864 4955 ete.

230 4974 353 5043 superari
378 4987 431 5028 non
454 4986 552 5041 posse,
574 4988 631 5046 prm
649 4973 743 5030 dolore
761 4981 841 5046 atque
865 4972 1032 5046 impatientia
1087 4974 1153 5043 Qua
1180 4986 1240 5028 cnm
1262 4972 1301 5028 ita
1321 4972 1390 5040 sint,
1413 4974 1549 5043 quomodo
1572 4982 1644 5030 stare
1664 4970 1866 5045 potesrqoodait

230 5046 377 5118 imperium
390 5044 528 5114 posuisse,
547 5051 578 5098 ut
595 5044 684 5115 legere
704 5054 747 5101 est
759 5046 830 5116 apud
842 5044 984 5101 Zonaram.
997 5044 1034 5100 At
1086 5044 1295 5112 Constantinus,
1335 5043 1529 5100 Diocletianum
1566 5054 1626 5115 post
1665 5046 1865 5116 persecutionem

232 5115 427 5174 Constantinus
450 5114 494 5169 iric
513 5113 615 5170 diserte
629 5115 765 5184 altirmat,
787 5116 984 5173 Diocletianum
997 5115 1032 5170 ob
1086 5114 1300 5172 Christianorum
1325 5116 1352 5171 iu
1371 5117 1515 5172 amentiam
1529 5130 1654 5185 uersum,
1677 5117 1713 5173 ob
1733 5115 1759 5172 id
1782 5120 1867 5186 sponte

232 5188 334 5245 mentis
364 5185 553 5242 alienationem
574 5194 672 5253 sponte
694 5202 725 5243 se
746 5187 860 5256 imperio
881 5187 1031 5244 abdicasse.
1086 5185 1204 5256 imperio
1227 5200 1257 5241 sa
1276 5185 1425 5243 abdicasse.
1451 5186 1581 5258 liqrridam
1596 5186 1675 5245 iacile
1698 5185 1864 5247 crediderim,

234 5260 301 5330 Quis
313 5272 395 5331 porro
405 5265 448 5315 est
466 5258 511 5329 qui
522 5256 689 5311 Constantini
702 5258 857 5315 testimonio
869 5259 938 5314 ausit
950 5256 1033 5313 relra-
1087 5258 1282 5314 Diocletianum
1296 5266 1356 5327 post
1366 5260 1705 5330 emmampersecmionem
1714 5258 1804 5314 morbo
1811 5267 1866 5313 cor·

234 5332 308 5404 gari,
331 5344 393 5387 eum
412 5329 436 5385 is
456 5328 482 5383 in
501 5327 560 5383 aula
589 5326 747 5385 Diocletiani
770 5328 883 5394 riserit,
905 5332 956 5386 ne'c
969 5343 1032 5386 eum
1087 5339 1210 5399 reprom,
1232 5328 1266 5386 de
1279 5335 1350 5385 statu
1372 5330 1471 5387 mentis
1494 5330 1688 5403 aliquantisper
1709 5328 1866 5385 deturbatum

236 5401 380 5527 *uinquam
400 5398 593 5455 luorumlatere
609 5401 736 5469 potuerit.
750 5398 823 5456 idem
835 5415 943 5472 quoque
953 5399 1035 5456 tradit
1088 5398 1186 5466 luisse;
1200 5400 1317 5457 maxime
1341 5414 1401 5457 cum
1423 5403 1617 5459 Gorrstantinns
1640 5411 1668 5461 et
1692 5401 1818 5458 Eusebius
1842 5393 1864 5449 id

264 5474 374 5529 asebias
386 5472 414 5527 in
426 5470 493 5527 libro
504 5485 551 5527 nn
566 5468 700 5526 ilistoriae.
713 5470 814 5529 ilerum
834 5478 864 5527 ut
883 5470 918 5528 de
937 5471 988 5527 bac
1004 5486 1035 5528 re
1086 5480 1243 5527 constanter
1257 5472 1402 5530 allirment.
1419 5473 1476 5529 lloc
1488 5474 1560 5529 enim
1575 5475 1683 5531 euenire
1707 5471 1776 5529 solet
1829 5480 1865 5522 rt>

236 5543 406 5612 dubitemus,
426 5542 510 5599 molta
529 5542 639 5597 iaciant.
653 5541 745 5599 Primo
756 5543 827 5597 eninr
842 5557 903 5598 cum
917 5540 1036 5611 postab·
1088 5541 1642 5627 tantibus,etpraecipuemelanclrolicis,
1658 5540 1801 5616 cujusmodi
1831 5538 1865 5593 io·

238 5614 400 5672 dicationem
412 5614 515 5687 imperii
528 5612 574 5669 diu
584 5623 722 5684 superstes
733 5614 829 5671 vixerit
842 5613 1034 5677 Diocletianus,
1087 5615 1231 5670 cietianum
1245 5613 1327 5671 litasse
1342 5630 1376 5671 er
1391 5615 1507 5671 nummis
1517 5616 1652 5686 conjicere
1661 5615 1730 5671 iicet.
1744 5612 1794 5671 Sed
1806 5622 1865 5680 nego

236 5686 338 5741 nutlmn
353 5701 472 5755 unquam
484 5686 583 5743 mentis
597 5693 695 5742 emota
707 5686 835 5743 indicium
846 5685 930 5742 dedit.
945 5683 995 5742 Vel
1007 5684 1035 5742 id
1086 5685 1161 5741 ilium
1176 5686 1212 5741 ob
1226 5685 1295 5742 trano
1310 5701 1419 5744 causam
1435 5687 1578 5758 imperium
1606 5686 1735 5761 posuisse.
1751 5684 1831 5742 Porro
1841 5680 1865 5735 in

235 5764 317 5815 unum
330 5756 541 5829 qoodtiercotio
553 5765 591 5839 ‚ct
609 5755 717 5819 Galerio
737 5758 825 5833 ipsam
845 5758 1032 5820 adresumen·
1086 5756 1259 5821 notorior.
1274 5758 1435 5823 attornati
1451 5766 1523 5829 totus
1545 5758 1589 5827 nic
1615 5760 1690 5825 locus
1711 5759 1747 5819 ita
1760 5755 1864 5828 lenitum
