3975 6292
269 208 343 295 att!
911 196 1131 265 monuments
1151 200 1293 261 VETERA
1839 216 1878 275 m

269 322 483 393 imperatumml
503 321 554 381 Cui
569 320 706 379 [imeritus
725 330 822 379 sancto
838 320 941 393 Spiritu
956 316 1072 377 larunda·
1084 313 1112 377 Α
1123 314 1300 374 christianum
1313 324 1342 375 et
1353 318 1381 375 ln
1394 318 1545 377 christiano
1555 318 1716 381 dominicum
1727 328 1880 401 constitutum,

268 422 332 471 tus:
348 414 378 470 ln
400 416 483 472 dumo
495 430 568 483 mea,
590 414 689 487 inquit,
712 416 817 487 egimus
830 414 1014 471 'dominicum
1035 414 1072 468 At
1122 420 1151 467 ut
1163 428 1212 471 nec
1231 412 1349 471 alterum
1363 415 1424 473 sine
1438 416 1526 473 altero
1540 416 1630 473 valeat
1642 421 1718 477 essct
1734 419 1792 477 Cura
1805 440 1880 484 noman

268 504 334 564 ille:
348 506 439 577 Quare
452 509 640 581 permittebas,
660 509 717 579 ait,
732 509 793 566 illos
807 508 932 582 ingredi?
945 509 1070 579 Respon-
1120 502 1251 574 audieris,
1268 504 1449 579 lrequentiam
1465 508 1573 565 bomini
1591 509 1677 577 disce;
1696 520 1722 568 et
1738 529 1791 569 cum
1806 517 1882 576 eolles

268 598 329 657 dit:
341 600 474 669 Quoniam
489 600 586 659 iratres
602 602 655 659 mei
669 610 745 668 sunt,
755 612 785 659 et
799 618 853 659 non
870 612 991 674 poteram
1009 602 1070 660 illos
1120 606 1174 653 mm
1190 599 1328 670 audieris,
1345 615 1445 657 numen
1470 616 1598 675 agnosce.
1615 602 1729 674 beniqrm
1741 610 1881 677 cognoscam

270 691 427 763 probibere.
443 690 496 751 Sed
510 692 676 765 prohibere,
691 693 789 767 inquit,
810 696 872 774 illus
890 694 1019 754 debuisti.
1035 698 1071 753 ltt
1119 700 1271 765 amartyre
1290 701 1318 750 et
1332 692 1447 761 rideris,
1470 693 1517 751 tali
1538 696 1711 767 responsione
1730 698 1881 757 confunderis.

268 783 397 842 illezllou
412 796 533 857 poteram
546 787 594 857 (ot.
611 785 919 861 potui),quouiamsine
933 788 1070 847 dominico
1120 784 1280 855 collectam,
1306 788 1410 859 inquit,
1434 787 1632 861 gloriosissime
1655 788 1839 861 celebravimus,
1857 796 1882 853 ad

269 893 325 934 non
340 893 495 949 possumus.
509 880 607 936 Statim
619 880 701 937 etiam
716 879 816 953 ipsein
831 881 947 953 equuleo
958 882 1070 954 y'nbetur
1119 879 1271 953 scripturas
1285 881 1437 939 dominicas
1458 882 1587 955 legendas
1600 884 1628 939 in
1646 883 1797 943 dominicum
1808 904 1883 947 conns

269 970 392 1039 extendi,
406 980 590 1045 extensusque
608 974 713 1031 serari.
732 974 783 1045 Qui
799 990 861 1032 cum
879 976 986 1033 validos
999 976 1069 1033 ictus
1119 972 1209 1029 ulmus
1230 987 1350 1047 semper.
1374 976 1433 1045 Qua
1455 977 1630 1035 coralessione
1651 979 1772 1038 eutulanus
1793 984 1883 1055 yrariter

272 1065 401 1124 innovato
410 1065 538 1122 carnilice
544 1076 682 1137 pateretur
694 1067 796 1141 :Roga
804 1069 857 1135 ait,
870 1067 988 1136 Christe,
1005 1069 1070 1127 sub-
1118 1066 1261 1136 hnulinus,
1279 1069 1396 1127 fustibus
1408 1086 1508 1127 casum
1521 1072 1673 1131 exanimem
1684 1115 1692 1143 ,
1703 1077 1798 1133 caelesti
1811 1082 1882 1137 cunci·

268 1160 331 1216 reni
345 1159 424 1216 milri.
437 1158 537 1216 Contra
554 1170 718 1234 preceptum
729 1162 778 1219 bei
789 1161 889 1230 lacitis,
902 1161 1067 1219 oinlelieesl
1118 1159 1165 1227 lio,
1182 1172 1329 1234 martyrem
1341 1173 1531 1236 properantem
1541 1166 1575 1221 ad
1588 1166 1692 1223 siderea
1704 1168 1839 1239 tribunalia,
1848 1189 1883 1229 er·

267 1252 302 1309 Et
315 1251 526 1325 interloquendo
542 1256 700 1327 proconsul,
715 1255 774 1313 lion
789 1266 946 1328 oportuerat
964 1267 1008 1327 te,
1025 1258 1069 1315 in·
1123 1252 1194 1323 oleta
1208 1257 1345 1326 passione,
1358 1260 1511 1315 consociat.
1525 1258 1579 1316 Sed
1593 1259 1698 1317 felicem
1711 1262 1775 1320 alius
1788 1268 1885 1337 sequitur

264 1349 335 1421 quit,
356 1363 406 1406 eos
420 1349 569 1421 suscipere.
594 1349 746 1423 Respondit
763 1370 770 1408 ε
785 1351 843 1410 Non
872 1362 995 1423 poteram
1016 1350 1069 1411 nisi
1122 1342 1198 1401 Felix
1214 1348 1323 1404 nornine
1338 1350 1439 1419 pariter
1454 1358 1483 1405 et
1496 1349 1671 1409 confessione
1686 1362 1761 1427 atque
1779 1354 1827 1426 ipsa
1839 1372 1885 1429 pas

265 1442 432 1515 susciperem
453 1441 554 1499 iratres
576 1456 663 1499 meos.
685 1443 721 1500 At
741 1445 887 1518 proconsul
909 1446 1068 1517 sacrilegus,
1120 1438 1197 1497 sione
1224 1440 1384 1498 consimilis.
1409 1442 1471 1500 Pari
1495 1446 1599 1502 etenim
1621 1447 1719 1505 virtute
1742 1463 1884 1521 congressus,

264 1532 320 1593 seq
337 1535 422 1607 poor,
436 1534 536 1607 inquo,
551 1545 611 1591 erm
626 1536 715 1609 joysqo
727 1525 928 1609 qmpequofqm'
941 1549 968 1595 et
980 1538 1071 1594 eosq.
1120 1530 1201 1587 etiam
1223 1532 1282 1602 ipse
1304 1531 1415 1590 lustium
1440 1535 1560 1593 illisione
1574 1547 1735 1610 quassatus,
1756 1543 1853 1598 animam
1865 1542 1885 1600 ln

263 1645 336 1687 rum.
358 1628 461 1687 Contra
483 1629 705 1703 religiosissimus
726 1640 844 1702 martyr,
866 1630 949 1700 bens,
969 1632 1068 1702 iuquit,
1121 1632 1257 1682 tormenta
1269 1628 1387 1685 carceris
1399 1644 1514 1701 punem,
1526 1633 1675 1704 superioris
1688 1633 1780 1693 Felicis
1791 1646 1826 1693 est
1834 1652 1886 1693 mar·

263 1722 351 1794 major
359 1730 413 1791 est,
421 1724 675 1794 nouimperatores.
687 1722 774 1797 Roqu,
781 1724 900 1794 Christe,
912 1725 959 1782 tibi
972 1723 1068 1783 laudes
1082 1704 1107 1767 Β
1123 1718 1195 1790 illio
1209 1719 1363 1791 copulatus·

263 1820 364 1878 sciero.
377 1820 487 1878 Christe
502 1821 632 1903 'Durnium
656 1821 690 1879 da
711 1822 908 1880 sufferentiam.
931 1822 982 1880 Cui
1004 1822 1067 1880 talia
1155 1808 1226 1868 Xlll·
1247 1812 1312 1877 Pisi
1328 1812 1380 1872 h⁰s
1395 1816 1665 1889 ⁸⁰⁵⁰⁰lll⁰⁰l¹²m⁰f¹
1680 1820 1885 1893 Afflllfilillsslll

264 1912 386 1985 precanti
410 1908 470 1968 bac
480 1914 626 1985 proconsul
641 1912 735 1985 traiecit
748 1929 755 1967 :
770 1912 859 1970 llabes
872 1928 938 1985 erqo
951 1913 1069 1985 scriptu·
1118 1902 1202 1977 lepis,
1226 1906 1477 1979 scripturarumque
1496 1910 1651 1969 diuinarum
1671 1913 1827 1971 tidelissimus
1838 1930 1887 1970 uon·

262 2022 308 2065 ras
320 2008 424 2080 aliquas
437 2006 465 2063 in
478 2006 561 2064 domu
576 2008 646 2080 ,tusi
664 2006 701 2063 bt
714 2006 858 2078 respondit
872 2024 879 2061 ι
891 2005 1005 2075 liabeo,
1018 2004 1067 2063 sed
1118 2006 1253 2055 serrator.
1284 1998 1334 2055 ilic
1359 2002 1492 2071 quaerenti
1519 2005 1673 2073 proconsuli
1698 2019 1732 2063 an
1757 2006 1781 2064 in
1801 2008 1887 2065 nollent

262 2103 291 2160 m
303 2102 387 2161 como
409 2117 480 2160 meo,
500 2102 535 2158 m
548 2104 711 2174 proconsul,
735 2100 764 2158 tn
779 2102 862 2159 domo
884 2110 928 2158 ma
942 2143 950 2170 ‚
965 2101 1064 2173 inquo,
1118 2092 1224 2163 luisset,
1240 2096 1335 2155 hilaris
1354 2108 1435 2171 atque
1449 2115 1563 2159 securus
1577 2104 1661 2161 alacri
1675 2121 1740 2164 nuce
1754 2106 1886 2179 respoudit:

263 2194 359 2262 halom,
374 2210 409 2253 an
431 2194 504 2251 noni
521 2194 659 2252 Emeritos
675 2203 778 2268 martyr
788 2195 826 2252 ait
840 2212 848 2251 a
862 2195 891 2251 ln
906 2194 990 2251 corde
1004 2208 1067 2251 meo
1116 2188 1183 2248 Cum
1202 2190 1331 2250 iratribus
1354 2193 1404 2253 leci
1418 2196 1573 2267 collectam,
1589 2197 1755 2258 dominicum
1764 2201 1887 2267 celebrum

262 2291 325 2348 illas
338 2283 437 2349 habeo.
458 2291 546 2362 Rogo,
557 2288 677 2353 Christe,
690 2288 739 2345 tibi
761 2289 868 2346 laudes.
889 2289 987 2347 Libera
1010 2298 1082 2359 me,·
1117 2290 1146 2339 et
1159 2284 1307 2355 scripturas
1322 2285 1473 2347 dominicas
1494 2291 1584 2349 babeo
1600 2308 1719 2363 mecum,
1732 2294 1777 2351 sed
1793 2296 1815 2351 in
1826 2268 1905 2351 cordo⁸

260 2384 379 2453 Christe,
394 2384 521 2457 patierin
535 2385 648 2442 nominc
660 2394 719 2442 tuo.
733 2383 856 2440 Breviter
864 2383 961 2455 patior,
973 2381 1065 2439 liben-
1116 2390 1179 2433 nteo
1191 2380 1370 2453 conscriptas.
1384 2380 1506 2455 Christe,
1520 2385 1566 2441 tibi
1578 2384 1675 2444 laudes
1689 2388 1783 2445 resero.
1795 2386 1887 2455 Exaudi,

262 2487 303 2537 ter
319 2478 418 2552 patior.
435 2476 545 2536 Christe
558 2477 685 2545 Domine,
703 2493 757 2534 non
775 2476 937 2533 conlundar.
953 2474 978 2533 0
992 2491 1066 2533 mar·
1115 2470 1234 2530 Christe.
1247 2475 1298 2543 Qui
1317 2490 1379 2533 cram
1396 2476 1455 2535 baec
1468 2478 1598 2547 dixisset,
1614 2481 1765 2539 cervicibus
1777 2490 1886 2546 contusus,

259 2579 347 2646 tyrem
360 2570 486 2646 Apostoli
505 2586 666 2639 memorem,
694 2570 741 2643 qui
762 2570 849 2642 leqem
870 2570 979 2627 bomini
999 2584 1064 2628 eon·
1116 2566 1144 2624 in
1157 2583 1295 2626 carcerem
1315 2572 1392 2643 quasi
1409 2572 1467 2644 jam
1490 2573 1517 2631 in
1533 2574 1702 2633 dominicum
1718 2575 1888 2633 tabemaculun

258 2667 388 2739 scriptam
412 2665 528 2733 babuit,
551 2680 606 2723 non
629 2674 799 2735 atramento,
822 2664 871 2721 sed
884 2664 994 2737 ¹Spiritu
1016 2664 1065 2723 Dei
1115 2660 1194 2717 laetus
1208 2676 1269 2719 cum
1291 2662 1421 2723 iratribus
1444 2666 1583 2739 relegatur
1602 2669 1655 2742 (ol.
1677 2668 1817 2743 religatur).
1830 2670 1888 2726 llunc

260 2758 328 2827 riri,
341 2772 396 2815 non
411 2757 438 2814 in
450 2758 549 2815 tabulis
561 2758 688 2829 lapideis,
696 2758 744 2814 sed
756 2756 784 2813 in
793 2756 989 2814 tabuliscurdis
1002 2770 1064 2814 car·
1115 2756 1238 2827 sequitur
1249 2756 1416 2829 Rogatianus
1430 2775 1438 2815 a
1455 2759 1500 2831 qui
1515 2760 1663 2819 contessua
1684 2762 1787 2819 homini
1800 2776 1888 2827 nomeu,

257 2852 378 2909 nulibus.
394 2851 417 2909 0
432 2859 581 2925 martyrem
596 2850 666 2923 legis
677 2864 763 2906 sacrae
775 2850 902 2907 idoneum
913 2848 1064 2921 diligentis·
1114 2849 1279 2921 supradictis
1312 2851 1441 2908 iratribus
1465 2852 1628 2925 iungebatur
1659 2854 1769 2912 illusus.
1798 2854 1888 2923 Quintus

258 2944 413 3015 simumque
427 2943 581 3010 custodem,
597 2944 643 3015 qui
656 2943 818 3000 traditomm
833 2942 938 2999 lacinus
948 2944 1063 3015 perbor·
1114 2954 1182 2997 sero
1196 2942 1351 3015 applicitus,
1366 2957 1467 3000 nomen
1480 2943 1586 3003 Domini
1598 2948 1710 3021 egregie
1724 2945 1890 3019 maquiieeque

257 3053 382 3109 rescens,
396 3039 548 3109 scripturas
561 3037 722 3105 dominicas,
737 3052 771 3095 ue
781 3036 918 3109 perderet,
938 3038 1007 3094 intra
1018 3052 1064 3095 se-
1114 3033 1267 3101 conlessus,
1282 3050 1370 3093 caesus
1383 3036 1499 3095 lustibns
1512 3039 1539 3096 in
1553 3054 1697 3099 carcerem
1714 3040 1830 3108 truditur,
1839 3054 1888 3095 con

257 3141 331 3191 creta
342 3132 383 3190 sni
398 3132 518 3204 pectoris
531 3131 687 3188 collocarit.
700 3129 761 3199 Quo
773 3130 893 3202 cuprrito,
903 3130 1061 3201 proconsul:
1076 3102 1100 3169 C
1114 3125 1196 3199 digno
1207 3129 1339 3202 martyrio
1351 3140 1516 3187 reservatus.
1530 3132 1607 3189 iluna
1619 3132 1784 3205 sequebatur
1796 3128 1889 3189 etllari·

257 3229 354 3296 Pop-oo,
379 3228 476 3301 inquit.
492 3227 615 3300 Ejosqoo
634 3225 833 3299 professionem
853 3226 879 3281 in
902 3226 1062 3281 memoriam
1114 3218 1231 3288 brianus,
1247 3220 1273 3275 in
1289 3220 1464 3279 confessione
1475 3237 1532 3295 par,
1546 3223 1572 3280 in
1583 3226 1777 3298 congressione
1787 3220 1889 3281 consimi-

256 3338 314 3381 una
335 3337 398 3381 cum
415 3333 578 3380 caeterorum
593 3320 814 3379 confessionibus
844 3318 980 3391 redigens,
1009 3318 1063 3375 Pro
1113 3313 1157 3383 lis,
1173 3312 1200 3371 iu
1213 3314 1334 3373 uictorias
1351 3314 1494 3385 triumphis
1509 3318 1631 3389 aequalis.
1653 3318 1720 3375 Post
1734 3334 1808 3391 quem
1819 3314 1889 3387 junior

257 3415 363 3474 meritis
377 3418 478 3473 restris
490 3429 607 3483 omnes,
623 3415 730 3486 inquit,
746 3412 895 3471 secundum
910 3412 1061 3469 contessiu·
1112 3408 1187 3466 Felix
1211 3425 1287 3481 spem
1315 3411 1487 3483 salutemque
1510 3410 1724 3471 christianorum
1751 3412 1888 3470 dominicum

262 3526 328 3570 nem
340 3520 460 3568 vestram
474 3524 571 3582 poenas
583 3509 694 3567 meritas
706 3509 879 3581 persolvetis.
1110 3516 1172 3560 esso
1195 3502 1376 3574 proclamans,
1398 3519 1460 3561 cum
1476 3504 1602 3562 similiter
1616 3506 1702 3564 etiam
1723 3508 1780 3578 ipse
1797 3502 1889 3562 lustibus

292 3604 351 3662 itti.
367 3604 422 3663 Sed
439 3605 496 3676 jam
521 3603 608 3661 lerina
620 3602 711 3661 rabies
722 3617 772 3660 ore
791 3609 904 3659 cruento
919 3601 1060 3660 tormentis
1110 3597 1355 3670 assemanum,
1374 3598 1472 3671 iuquit,
1490 3599 1590 3656 denota
1608 3610 1704 3659 mente
1716 3598 1838 3658 celebrari
1850 3594 1889 3652 do·

255 3706 407 3771 martyrum
422 3697 543 3769 saginata
555 3695 709 3768 languebat.
723 3696 777 3753 Sed
788 3710 849 3753 cunr
860 3694 936 3752 Felix
950 3696 1060 3754 nomine
1113 3690 1241 3748 mimicum
1255 3732 1263 3759 ,
1279 3691 1423 3748 cttllectam
1436 3706 1498 3747 cum
1515 3690 1646 3750 fratribus
1661 3693 1731 3761 leci,
1751 3692 1809 3766 qnia
1822 3689 1890 3747 chris·

254 3799 283 3850 et
294 3792 422 3864 passione
436 3788 618 3862 processisset
627 3788 655 3845 in
666 3788 800 3861 praelium,
812 3790 940 3862 aciesque
950 3788 1059 3846 Domini
1110 3785 1199 3843 tianus
1222 3800 1294 3843 sum.
1320 3784 1378 3857 Qua
1399 3785 1575 3843 contunsione
1600 3786 1766 3858 supradictis
1786 3783 1889 3843 iratribus

252 3883 344 3942 omnis
368 3882 526 3955 incorrupta
559 3881 714 3954 invictaque
738 3889 895 3953 perstaret,
924 3889 1059 3953 tyrannus
1109 3878 1209 3935 meruit
1218 3879 1299 3937 ctiam
1315 3878 1373 3952 ipse
1386 3878 1495 3936 sociari.
1884 3940 1890 3951 ,

252 3990 345 4041 mente
356 3990 527 4057 prostratus,
541 3993 609 4037 noce
622 3978 777 4048 demissus,
793 3979 883 4035 anima
898 3986 927 4035 et
940 3992 1057 4049 corpore
1143 3970 1215 4029 ltlv.
1235 3972 1271 4028 at
1292 3970 1384 4045 iunior
1408 3970 1590 4043 Satrrruinns,
1617 3974 1749 4049 martyris
1774 3954 1890 4030 Saturnin¹

251 4076 421 4145 dissolutus,
444 4074 532 4146 Spero
552 4088 622 4141 nos,
637 4072 745 4145 inquit,
761 4071 833 4129 banc
847 4081 950 4143 partem
966 4070 1056 4143 potius
1108 4064 1259 4139 presbyteri
1282 4073 1375 4122 sancta
1396 4065 1557 4137 progenies,
1582 4065 1610 4121 in
1633 4074 1772 4123 certamen
1792 4071 1889 4135 optatum

250 4172 362 4245 eligere,
373 4186 427 4243 qna
441 4167 552 4242 possitis
563 4167 666 4233 rivere,
681 4176 712 4223 ut
722 4164 860 4237 jussiones
872 4165 1053 4223 conservetis.
1105 4158 1221 4215 festinus
1243 4157 1378 4224 accessit,
1392 4172 1576 4230 approperans
1589 4159 1677 4231 patris
1694 4158 1831 4217 virtutihus
1846 4153 1890 4224 ylo

249 4262 351 4323 Contra
373 4278 433 4336 qua
459 4261 633 4320 curulessores
655 4260 774 4327 Domini,
799 4258 892 4316 invicti
917 4266 1055 4333 martyres
1105 4252 1265 4311 riosissirnis
1281 4252 1430 4325 adaequari.
1448 4250 1497 4309 Cui
1516 4266 1577 4310 uum
1592 4251 1741 4325 proconsul
1756 4244 1889 4307 iuribundns

248 4357 363 4427 Christi,
384 4364 523 4428 tamquam
543 4369 577 4411 cx
598 4367 653 4409 uno
673 4367 722 4409 ore
739 4351 867 4408 dixerunt
882 4370 889 4408 :
905 4350 1053 4409 Christiani
1105 4346 1215 4405 diabolo
1226 4356 1388 4420 suggerente
1401 4346 1515 4403 dixisset
1530 4363 1537 4401 ε
1554 4346 1644 4416 litto,
1662 4346 1814 4415 Saturnine,
1826 4344 1889 4397 inter

247 4468 354 4525 sumus,
369 4468 423 4509 non
437 4463 582 4523 possumus
592 4446 645 4505 nisi
655 4446 761 4503 bomini
773 4446 860 4518 lcqem
871 4454 991 4502 sanctam
1005 4460 1051 4501 us·
1104 4438 1198 4497 luisti?
1213 4438 1361 4510 Respondit
1378 4438 1540 4497 Saturninus
1555 4456 1562 4494 a
1576 4438 1750 4497 Christianus
1763 4451 1827 4494 sum.
1844 4428 1889 4487 llos

247 4564 301 4623 que
323 4548 358 4605 ad
379 4544 540 4605 allusionem
563 4541 704 4613 sanguinis
728 4539 877 4596 custudire.
900 4539 958 4608 Qua
982 4554 1049 4596 voce
1101 4548 1116 4589 a
1139 4542 1165 4591 te
1185 4546 1278 4605 quaro
1292 4530 1362 4602 boe,
1376 4532 1430 4601 ait,
1444 4530 1492 4589 sed
1513 4540 1602 4588 utrum
1623 4533 1716 4605 egeria
1734 4528 1889 4588 dominicum.

247 4654 394 4714 percussus
407 4638 532 4696 inimicus
544 4633 627 4693 Felici
641 4633 768 4691 dicebat:
781 4630 840 4688 Non
852 4645 946 4704 quaro
957 4642 1047 4688 utrum
1100 4625 1148 4681 Cui
1161 4624 1301 4697 respondit
1314 4624 1494 4682 Saturninus:
1511 4622 1560 4699 Cyl
1575 4623 1761 4689 dominicum,
1777 4620 1833 4695 quia
1844 4614 1889 4675 sal·

246 4732 413 4791 christianus
426 4732 486 4798 sis,
502 4729 550 4787 sed
567 4744 602 4785 an
616 4726 759 4785 collectam
771 4724 888 4790 leceris,
903 4724 946 4780 nel
962 4721 1049 4795 scrip·
1099 4728 1177 4775 vatur
1196 4726 1238 4774 est
1257 4715 1391 4774 Christus.
1412 4715 1473 4784 Quo
1498 4716 1610 4773 tramine
1630 4715 1783 4774 Salvaturis
1795 4710 1887 4777 audito,

245 4834 323 4885 toras
334 4826 440 4898 aliquas
459 4823 571 4881 hahens.
586 4822 610 4879 0
623 4822 705 4879 stulta
719 4819 819 4892 judicis
831 4828 859 4876 et
876 4818 989 4876 ridenda
1005 4818 1048 4876 in·
1099 4811 1233 4868 Anulinus
1245 4810 1356 4879 exarsit,
1370 4818 1398 4865 et
1412 4810 1438 4865 in
1455 4808 1538 4865 illlum
1550 4810 1669 4882 patrium
1681 4812 1812 4866 instaurat
1822 4817 1888 4876 equo-

246 4920 410 4994 terroqatiol
433 4918 615 4986 Christianus,
638 4917 744 4988 inquit,
761 4926 850 4973 utrum
871 4913 909 4972 sis
929 4924 998 4973 tace.
1015 4916 1049 4972 Ee
1100 4902 1632 4976 letam.ExtetrsuqueSaturninoaQuid,
1645 4899 1887 4976 iuquit,Satnmine,

244 5016 408 5077 statutum
420 5017 447 5070 m
459 5012 675 5071 cellerannan
689 5009 945 5084 nemnuezouast
958 5009 1047 5067 curas·
1101 4999 1259 5073 prutttensr
1280 4998 1359 5055 naues
1380 4996 1426 5053 unt
1449 4998 1553 5067 positus
1579 4994 1627 5053 sis·
1651 4995 1744 5053 nunes
1763 4992 1888 5063 scripturas

246 5112 336 5169 tianus
348 5109 408 5166 sine
420 5106 627 5164 dominicoesse
637 5105 734 5174 possit,
745 5113 794 5160 aut
805 5100 972 5161 dominicum
986 5103 1046 5159 sine
1099 5096 1223 5172 aliquasl
1234 5092 1394 5165 Respondit,
1410 5090 1581 5149 Clrrlstiauus
1594 5104 1667 5147 sum.
1680 5086 1825 5147 Proconsul
1838 5094 1888 5138 reru

243 5190 545 5265 christianoeelebrari.
560 5199 603 5253 Au
613 5195 714 5266 nescis,
726 5196 853 5266 Satanas,
865 5196 894 5252 in
906 5194 1045 5252 dominico
1099 5199 1156 5252 ait:
1171 5192 1228 5264 Ego
1241 5204 1335 5262 quaero
1351 5203 1386 5245 au
1400 5186 1583 5255 conveneris,
1604 5194 1632 5245 et
1650 5199 1686 5242 an
1700 5184 1840 5257 scripturas
1851 5176 1887 5232 ba·

822 5328 927 5388 NOTAE
947 5330 1159 5391 nnsoonutct
1177 5326 1342 5388 unlustau.

241 5464 261 5517 ν
278 5444 1046 5521 xl.'llmmriesn.ilicmemoriaenominurideturiutelligi
1137 5444 1199 5511 llll.
1216 5443 1356 5517 Conlatum.
1377 5442 1446 5499 Boll.
1462 5458 1514 5515 qno
1525 5441 1687 5516 professione
1701 5454 1844 5499 emensam.

241 5536 327 5595 codex
341 5536 371 5593 in
385 5548 439 5605 quo
457 5527 680 5589 describebantur
703 5535 792 5577 causa
817 5518 961 5584 turenses,
984 5532 1046 5587 quau
1137 5540 1177 5597 Ad
1187 5537 1297 5595 Mem·
1318 5535 1397 5604 3⁰1¹„
1413 5552 1494 5608 prope
1506 5545 1564 5591 ame
1578 5535 1636 5607 im
1649 5532 1802 5590 mmmm

241 5587 1046 5759 aulana”lacrumo‘catalaunicum
1137 5631 1206 5691 n.
1223 5628 1409 5688 animm
1430 5627 1499 5686 ou.
1516 5625 1652 5697 acon.
1671 5624 1813 5683 ann

222 5749 294 5821 ⁸bru
303 5745 404 5807 ardeas
417 5746 537 5807 Clmsar.
551 5738 656 5813 Canq'ri.
