3975 6292
115 251 173 311 oto
646 254 850 314 castilatis
873 255 941 314 act
942 255 977 314 10
998 254 1251 318 constantino.
1280 257 1286 269 ‘
1719 262 1773 321 650

117 370 274 427 diuturnam
286 369 473 443 egritudinem
483 378 565 443 atquc
578 372 740 430 moestirinm
752 371 917 445 surgentium
931 382 959 444 Α
1008 373 1042 430 ll.
1066 373 1100 430 lit
1120 374 1179 431 lrrec
1197 371 1306 447 quidem
1321 372 1400 430 nobis
1415 371 1449 429 nd
1466 386 1599 431 summam
1619 370 1777 449 gratulatio·

117 465 289 538 gaudiorum.
304 466 435 523 caluitio
457 466 534 523 nobis
548 466 619 524 ultra
634 467 706 524 uires
731 475 839 523 nostras
857 465 918 522 aui·
970 482 1033 526 trem
1053 466 1179 525 sulficere
1198 467 1368 539 potuissent,
1388 467 1495 525 etiamsi
1514 466 1695 526 remediorum
1711 484 1774 528 nos-

116 574 179 617 mus
188 559 223 617 ad
236 559 374 628 letitiam,
388 570 417 619 et
430 560 547 634 quodam
572 562 704 634 presagio
722 561 819 620 loturae
832 558 920 617 lelici-
970 570 1074 620 trorum
1087 576 1164 634 spem
1178 561 1347 633 distulisses,
1362 569 1390 619 et
1408 560 1506 633 quibus
1520 576 1570 619 nos
1585 561 1681 634 opibus
1695 562 1773 621 lera-

118 651 182 709 tatis
201 651 276 723 elati,
301 660 374 710 muta
394 662 422 712 te
442 654 610 712 exultatione
633 655 820 727 suscepimus,
842 652 920 726 quasi
970 663 1049 712 turus
1063 668 1150 724 esses,
1164 652 1277 711 dubium
1290 653 1464 729 reliquisses:
1478 653 1526 711 sed
1539 662 1594 712 tam
1608 662 1732 729 prompta
1745 656 1774 714 iu

115 744 172 816 ism
197 745 390 818 indulgentiam
411 762 492 819 quam
513 747 628 805 daturus
654 761 716 805 eras
742 746 917 805 haberemus.
970 756 998 806 te
1009 758 1052 807 cst
1063 757 1158 806 nutura
1171 748 1313 819 bonitatis,
1325 755 1355 807 ut
1364 749 1436 823 quod
1447 750 1490 823 pia
1500 759 1592 808 mente
1604 751 1774 823 conceperis,

116 838 318 898 Exomarimns
328 840 388 898 rias
397 842 495 914 quibus
505 840 533 898 in
545 840 675 914 palatium
686 840 921 914 pemeuiturpau·
970 840 1061 899 statim
1078 856 1147 900 roco
1160 842 1293 900 declares.
1310 841 1356 900 Sic
1374 841 1483 915 ingenui
1497 842 1621 916 largique
1640 841 1729 900 souma
1743 848 1775 899 ul

116 945 185 1005 pere
197 932 308 1006 quidem
321 934 490 1007 supellectile
509 951 517 991 τ
538 934 586 992 sed
600 934 722 991 omnium
735 935 812 1008 signa
831 932 926 992 colle«
969 934 1071 1009 ubique
1084 937 1207 1009 prosint,
1222 930 1262 995 ire
1277 938 1422 1005 losdunum
1446 938 1485 995 sie
1502 938 1628 995 celeriter
1644 938 1671 996 iu
1687 947 1775 995 terras

116 1025 235 1100 giorum,
250 1029 371 1086 omniunt
386 1026 500 1087 deorum
514 1037 670 1086 uostromm
687 1027 834 1085 simulacra
852 1040 919 1101 pro-
970 1031 1042 1088 ooelo
1057 1030 1139 1087 missa
1155 1033 1332 1104 perveniunt,
1346 1031 1386 1087 sic
1400 1029 1517 1102 denique
1529 1030 1619 1088 diuina
1630 1030 1675 1087 illa
1686 1046 1775 1103 mens,

117 1124 244 1192 tulimus,
259 1124 422 1197 paucissima
436 1125 571 1183 claromm
592 1124 773 1181 instrumenta
797 1124 921 1182 modulo-
970 1140 1031 1197 quae
1048 1132 1132 1181 totum
1146 1124 1276 1182 mundum
1289 1123 1361 1183 lrunc
1375 1122 1519 1197 gubernat,
1533 1122 1663 1198 quidquid
1674 1122 1777 1195 cogita·

117 1234 248 1292 rum,pcr
258 1218 524 1292 compendiasaepius
534 1218 582 1274 tibi
591 1216 919 1291 occursurapmtulimus.
970 1220 1010 1276 sit
1025 1218 1098 1277 illico
1112 1218 1187 1277 lecit.
1200 1218 1229 1277 ln
1243 1234 1298 1292 quo
1309 1228 1411 1287 tamen,
1423 1218 1583 1291 imperator,
1596 1218 1619 1273 si
1630 1218 1774 1275 consilium

118 1312 281 1371 lliritesuos
294 1313 428 1379 crederet,
441 1314 488 1385 qui
501 1312 644 1371 ueritatem
659 1312 748 1369 studio
761 1312 918 1371 estimaret.
970 1311 1051 1369 amici
1066 1310 1214 1368 callidioris
1228 1308 1402 1376 admitteres,
1416 1316 1490 1367 esset
1507 1308 1580 1381 quod
1596 1308 1712 1365 tortasse
1730 1323 1776 1366 re·

116 1402 244 1465 Sedenim
259 1407 456 1482 providentiam
467 1415 541 1465 tuam
551 1408 701 1466 lutereuon
712 1406 811 1480 potnit,
826 1424 922 1480 quam·
972 1402 1208 1476 prelrenderetur3
1223 1400 1335 1459 nimium
1358 1411 1386 1458 te
1400 1400 1502 1457 scillcet
1520 1400 1598 1457 lacile
1615 1416 1647 1458 ea
1661 1416 1721 1473 quas
1739 1400 1777 1457 sis

116 1499 160 1559 ris
170 1500 241 1559 bens
254 1500 422 1559 dissimulata
433 1510 588 1574 paupertas,
600 1500 760 1559 intellexisti
771 1498 921 1561 oldciosam
973 1495 1123 1553 tributurus
1133 1494 1251 1567 aperire,
1264 1503 1291 1550 ct
1305 1494 1364 1550 sine
1377 1491 1433 1549 ullo
1445 1492 1561 1549 artillcio
1573 1492 1629 1549 cito
1640 1506 1775 1565 promere,

117 1603 148 1652 et
162 1594 305 1653 bonestam
317 1594 428 1667 inopum
442 1596 600 1653 sauitmem.
971 1603 1033 1662 quae
1044 1588 1148 1661 sperari
1161 1587 1206 1645 diu
1217 1586 1344 1645 debeant.
1357 1586 1462 1655 Nescis,
1473 1585 1632 1658 lmpemtur,
1647 1594 1691 1642 tua
1703 1600 1778 1642 com·

126 1702 135 1715 ·
152 1684 201 1743 tx.
212 1686 373 1759 Spontcnos
381 1687 415 1746 ad
423 1686 542 1744 numinis
552 1686 591 1743 tui
601 1686 703 1744 aditum
716 1701 812 1755 rocas3
824 1697 921 1760 sponte
972 1682 1103 1740 mendare
1112 1679 1245 1739 beneficia
1255 1696 1262 1749 ;
1274 1679 1420 1752 praestandi
1431 1678 1570 1735 celeritate
1580 1692 1698 1750 occupas
1712 1688 1779 1736 tem·

117 1778 205 1849 dffrri,
221 1790 318 1852 sponte
335 1780 400 1854 quid
424 1779 484 1853 opis
498 1779 725 1851 desideraremus,
751 1781 919 1855 interrogare
932 1776 959 1841 B
972 1788 1023 1846 pus
1036 1773 1158 1845 oplandi.
1174 1770 1301 1829 Sedenim
1317 1770 1493 1845 indulgentia!
1512 1769 1651 1827 celeritate
1669 1768 1778 1841 vidisti,

117 1871 244 1949 diguatus
267 1890 307 1932 es.
324 1872 388 1932 llaec
407 1883 481 1942 sunt,
508 1874 670 1947 imperator,
693 1891 757 1932 uera
778 1876 919 1949 Mustela,
972 1868 1136 1942 imperator,
1151 1866 1208 1939 ipsa
1230 1865 1365 1923 elementa
1380 1864 1478 1937 quibus
1499 1863 1650 1921 animamur
1664 1872 1692 1921 et
1711 1863 1780 1921 riri·

117 1982 180 2041 quae
201 1982 258 2025 non
274 1967 400 2041 precibus
414 1966 573 2040 clllagitata,
597 1967 645 2025 sed
660 1981 695 2024 ex
709 1968 861 2027 uoluntaria
876 1977 921 2025 tua
972 1978 1043 2022 mus.
1059 1962 1110 2020 liin
1123 1961 1230 2019 uenturi
1244 1959 1364 2018 bominis
1378 1966 1599 2031 partusoptatur,
1615 1956 1660 2014 diu
1674 1958 1780 2029 vagitus

117 2065 242 2124 bonitate
262 2066 437 2139 pmreniuut,
462 2073 490 2122 et
513 2064 581 2123 citra
595 2066 679 2123 ullam
699 2066 810 2137 petendi
824 2064 923 2123 moles-
973 2056 1104 2117 inconditi
1133 2058 1284 2115 locuturam
1317 2053 1444 2111 differunt
1471 2066 1587 2121 rocem3
1615 2050 1661 2108 diu
1688 2050 1781 2124 lrugcs

117 2158 197 2229 dam,
212 2160 379 2232 adipiscendi
393 2162 562 2235 voluptatem
576 2160 720 2218 dederunt.
735 2159 830 2235 ltaque
849 2160 921 2217 enim
973 2151 1071 2227 hyems
1083 2148 1208 2218 cohibet,
1220 2162 1270 2207 rer
1282 2145 1371 2215 elicit,
1393 2156 1475 2201 restas
1493 2144 1560 2201 llere
1577 2142 1692 2212 solldat,
1706 2142 1782 2201 calor

117 2254 196 2328 parsi
208 2255 312 2328 negotii
326 2263 369 2313 est
383 2254 575 2327 imperatorem
590 2255 674 2313 totius
684 2255 758 2312 orbis
770 2270 821 2328 pro
832 2269 865 2313 se
875 2270 923 2328 pe-
974 2251 1126 2310 ematurat;
1150 2250 1179 2299 tu
1199 2240 1278 2299 uobis
1298 2240 1381 2297 ritant
1402 2236 1504 2310 pariter
1519 2245 1603 2294 totam
1623 2235 1737 2303 dedisti;
1752 2246 1781 2293 tu

117 2349 257 2408 (nimiter
267 2366 376 2425 rogare,
387 2348 438 2407 gul)
449 2358 531 2407 [2111ae
544 2350 694 2423 Miessiaiis
704 2360 813 2423 aspectu
825 2349 925 2421 perspi.
975 2334 1079 2393 inicius
1093 2334 1252 2391 merilol'ttm
1269 2340 1376 2387 luorum
1395 2329 1485 2387 stabilit
1508 2343 1559 2386 not
1577 2337 1696 2398 meiere,
1711 2338 1739 2386 ei
1752 2328 1780 2385 iil

117 2435 314 2509 wegonem,
324 2442 427 2498 suppum
438 2439 924 2515 componergwnpmamnimum,
975 2426 1092 2486 conditis
1113 2422 1219 2483 relerre
1239 2423 1355 2511 iussisti.
1371 2421 1551 2479 lielcraturus
1566 2436 1696 2489 censum,
1711 2420 1781 2477 deli·

118 2534 203 2593 verba
218 2534 379 2609 concipere,
397 2536 565 2609 qfeptdanqef
578 2534 690 2605 digere,
705 2544 767 2608 2920
778 2534 924 2605 aarum,
976 2522 1041 2579 nisti
1056 2535 1210 2579 numerum.
1224 2517 1338 2590 Reliqua
1353 2516 1443 2575 debita
1457 2519 1633 2585 remissurus,
1649 2524 1780 2589 quantum

117 2608 925 2703 „mmmmmfflsomnggdispcuqmeg‚lmen.
976 2614 1139 2672 deberemus
1153 2610 1339 2684 interrogasti.
1354 2608 1420 2679 Quas
1441 2606 1617 2679 interrogatio
1637 2607 1781 2665 manifesta

118 2733 184 2793 tor,
198 2722 369 2783 verecundie
383 2732 485 2781 nostrat
508 2722 653 2791 remisisti,
673 2739 727 2781 non
747 2723 835 2782 solum
855 2723 926 2783 ultro
976 2708 1122 2782 lll⁰¹¹¹i⁸Sin
1138 2706 1196 2763 ilii·
1217 2704 1284 2763 iiim
1304 2719 1366 2761 ⁰⁰⁰¹
1381 2704 1405 2761 5⁵
1425 2702 1471 2777 lli
1490 2703 1581 2759 ⁰¹⁰¹¹i³
1604 2712 1695 2775 Ρθῑθῦῑ
1716 2704 1783 2776 (luid

118 2817 404 2891 „emmerammum
414 2816 526 2875 ,gmgqq
535 2830 721 2889 meremus,
730 2815 868 2874 Μαίη,
877 2816 927 2874 ng
977 2800 1030 2860 sibi
1044 2800 1176 2860 debeatur
1188 2799 1346 2870 interrogat,
1362 2810 1416 2853 uon
1428 2794 1536 2853 curiose
1550 2805 1740 2868 percunctatur
1753 2804 1783 2854 ut

118 2910 172 2983 ipgi
182 2910 352 2984 suggerendo
360 2924 422 2983 φη
431 2924 482 2967 mg
492 2909 657 2976 tacebamus,
668 2907 733 2966 dum
745 2911 927 2978 nqgjgggggtgg
977 2896 1057 2963 beidi,
1073 2893 1121 2953 sed
1143 2892 1292 2973 liberaliter
1304 2890 1378 2963 cupii
1394 2890 1489 2947 addire
1504 2898 1633 2963 quantum
1648 2891 1780 2947 remittat.

118 3002 156 3059 ad
168 3002 253 3076 pedes
274 3013 335 3061 tuos
348 3001 560 3061 clementissimo
579 3000 678 3059 attollis
692 3001 786 3060 affatur.
802 3002 927 3060 Vidimus
1015 2988 1063 3047 Ἡ·
1084 2988 1215 3061 separate
1236 2986 1318 3059 ibim?
1339 2994 1453 3059 ”millii
1471 2984 1560 3041 dicim
1578 3000 1585 3039 ²
1600 2998 1688 3055 neque
1707 2984 1781 3041 essim

119 3093 334 3154 mirericordiam
357 3104 429 3171 ‘⁰⁸⁰¹
448 3094 621 3153 numantinus
642 3094 728 3152 ocutis
747 3094 925 3154 eminentem,
978 3084 1055 3159 quasi
1069 3098 1118 3157 per
1131 3092 1250 3140 saturam
1265 3079 1457 3139 contundenda
1469 3087 1533 3137 sunt
1548 3087 1621 3136 tauta
1636 3079 1781 3138 benellria.

119 3188 199 3246 lbsnt
210 3204 260 3261 per
273 3186 334 3246 lraee
347 3202 395 3245 ora
405 3188 543 3263 lacrymas,
558 3187 789 3257 uobissalutarcs,
805 3188 853 3244 tibi
870 3174 964 3260 glo-C
979 3177 1089 3251 Septem
1112 3176 1196 3234 millia
1217 3175 1336 3247 capitum
1357 3173 1505 3241 remisisti,
1519 3181 1644 3247 quartam
1666 3174 1783 3245 amplius

117 3282 217 3351 riose3
238 3290 267 3341 ct
279 3296 330 3341 nos
348 3282 463 3341 laricem
475 3281 531 3355 jam
545 3280 640 3339 dolore
650 3280 773 3340 discusso
793 3279 926 3339 debemus
977 3260 1080 3346 partem
1096 3278 1252 3328 nostrorum
1266 3282 1397 3325 censuum
1409 3282 1417 3334 ;
1429 3278 1457 3325 ct
1468 3274 1559 3324 tamen
1570 3276 1660 3323 utrum
1674 3266 1783 3325 sutore-

117 3365 702 3449 gsudin.Nsmsicutsgnosdiuturnoardnre
711 3374 834 3432 sitientes
844 3389 927 3447 expe-
978 3375 1022 3425 rct
1034 3366 1087 3423 hoe
1101 3363 1179 3422 nobis
1192 3361 1291 3435 sapius
1304 3359 1452 3435 requisisti.
1465 3359 1488 3415 0
1500 3372 1551 3417 nos
1565 3368 1692 3417 utrumne
1706 3374 1783 3417 rere-

118 3469 484 3535 npsugvortstmperubsmg
495 3470 665 3543 tutari-ymas
674 3471 852 3542 ruaejpssrnra
862 3484 927 3527 nos.
977 3458 1082 3517 cundos
1095 3455 1183 3515 dicam
1197 3452 1329 3521 nimium,
1347 3467 1383 3510 an
1403 3453 1469 3509 satis
1483 3450 1594 3525 gratos?
1607 3452 1653 3523 qul
1671 3452 1785 3511 reticul-

117 3572 164 3620 ιη
172 3561 277 3636 pupils
285 3560 448 3636 irrigatum:
460 3572 490 3619 ur
499 3563 624 3634 quamvls
633 3563 709 3620 netas
718 3570 792 3620 esser
804 3569 832 3620 ω
843 3561 926 3619 nenio
977 3566 1049 3618 mus,
1061 3548 1202 3617 haesimus,
1214 3545 1387 3619 indulgentie
1398 3552 1451 3601 tuae
1462 3543 1553 3617 ample
1563 3543 1657 3601 lluenti
1670 3543 1783 3603 modum

117 3654 218 3723 laetari,
233 3654 355 3712 vinceret
368 3662 457 3711 tamen
467 3654 611 3727 gratulatio
620 3654 790 3727 religionem,
804 3670 867 3713 cum
884 3654 925 3710 la·
976 3643 1102 3703 lecimus.
1118 3640 1182 3698 Plus
1196 3639 1286 3697 adbuc
1300 3646 1430 3711 praestare
1443 3636 1588 3708 cupiebas,
1606 3637 1629 3694 si
1643 3638 1702 3695 ausi
1715 3637 1784 3696 iuis·

115 3744 286 3821 mymaeillae
294 3746 503 3819 pietatisessent
520 3746 635 3831 iudices,
654 3760 709 3805 nou
719 3743 830 3805 doloris.
976 3752 1068 3797 semus
1081 3750 1240 3811 exposcere.
1255 3734 1390 3805 Quantum
1403 3732 1440 3791 sit
1450 3730 1513 3803 loc,
1523 3730 1684 3807 Imperator,
1697 3733 1781 3793 bene-

783 3880 966 3945 rsntonuu
984 3876 1102 3939 nous.
1136 3837 1145 3853 '

155 4010 253 4070 ....
266 4010 359 4079 ’Μ’
373 4008 483 4067 n..
496 4006 691 4117 ottob·
891 4098 897 4113 .
978 3988 1778 4133 ..tlsassimilanlttnbttltltots:-

116 4104 458 4252 otiil'ii'iiiiiitiiiieiii’.
474 4102 622 4177 ‘mim
636 4105 781 4174 omme
792 4099 924 4171 turpes,
1015 4139 1130 4199 sarton.
1147 4136 1222 4208 virg.
1236 4134 1337 4207 desig.
1351 4102 1371 4190 ι’.
1385 4134 1405 4203 t,
1422 4134 1489 4193 tro:
1770 4103 1777 4119 '

158 4257 281 4313 Omnium
292 4258 366 4329 signs
376 4255 552 4326 collegiorum.
563 4252 693 4311 Addncor
703 4251 782 4309 laeile
793 4257 823 4308 ut
832 4257 924 4322 putem
1086 4250 1153 4302 Area
1164 4253 1217 4300 tum
1227 4246 1333 4311 primum
1344 4251 1414 4299 creta
1423 4244 1549 4298 solidanda
1562 4247 1652 4299 tenaci.

113 4330 145 4387 iu
161 4329 284 4401 collegiis
305 4327 472 4385 eruditorum
494 4325 634 4383 lrominum
654 4326 731 4397 sigua
748 4332 776 4381 et
793 4320 925 4395 imagines
1013 4348 1160 4406 mmm,
1178 4346 1219 4402 31,
1231 4352 1354 4401 mamm·

114 4400 258 4458 ³⁸⁵⁰m'i
269 4399 371 4457 mim·
386 4398 435 4455 ¹⁴ae
446 4412 512 4456 '⁰¹⁰
527 4398 639 4469 ΨΜ
651 4403 715 4452 ⁸⁰⁰²
724 4393 760 4451 ’ἀ
774 4395 922 4452 ⁸⁰¹⁰¹¹m⁰¹¹¹
1014 4420 1050 4477 Et
1061 4421 1089 4476 in
1102 4417 1212 4474 conditis
1226 4433 1253 4472 re
1267 4434 1333 4474 erre.
1351 4414 1508 4488 iletapbora
1523 4414 1602 4472 ducta
1616 4430 1632 4473 a
1646 4416 1777 4473 messori-

114 4472 295 4531 c⁰¹¹⁸¹²¹¹ii¹¹i
309 4471 461 4544 inimum
472 4469 670 4527 ‘mmmm‘
978 4494 1040 4563 bus,
1053 4494 1099 4564 qui
1116 4506 1169 4547 non
1184 4420 1269 4545 simui
1277 4496 1304 4545 ct
1318 4495 1440 4557 metunt,
1455 4498 1482 4545 ct
1494 4502 1598 4544 messes
1614 4488 1735 4545 condunt
1749 4489 1776 4545 in

155 4564 352 4621 lib—Petenti
361 4557 924 4619 molestiamllstusestedatnmnibilemiot
977 4566 1089 4622 borres.
1104 4562 1162 4619 llos
1177 4569 1266 4617 autem
1279 4560 1411 4617 bonorum
1426 4559 1576 4630 principum
1591 4572 1700 4630 semper
1713 4560 1775 4627 luit,

115 4638 185 4701 enti.
198 4652 276 4709 otum
288 4635 357 4707 osvii
369 4632 486 4707 previbus
495 4634 630 4689 martium
641 4640 688 4688 eti·
701 4630 736 4687 El
753 4644 818 4687 tero
839 4631 924 4687 isne·
977 4636 1078 4695 attritis
1092 4634 1183 4701 bello,
1204 4632 1248 4689 rel
1263 4632 1315 4687 alia
1330 4631 1484 4689 calamitate
1503 4630 1656 4687 civitatibus
1668 4645 1701 4688 uc
1714 4646 1777 4702 pro-

115 4708 179 4767 tieii
191 4709 233 4766 ⁸¹¹⁵
295 4706 510 4778 ¹i²ffl0¹²i¹¹8⁸ib
521 4706 566 4777 qni
577 4719 630 4761 '¹⁰⁰
642 4711 735 4759 mmm
744 4702 865 4775 wimiis
877 4715 924 4758 0⁰·
976 4708 1091 4777 vinciis,
1107 4719 1222 4763 onerum
1238 4702 1368 4761 llscalium
1386 4702 1527 4759 uacatione
1547 4709 1594 4758 aut
1608 4700 1776 4775 indulgentia

116 4790 215 4853 eupat.
253 4778 298 4836 ide
310 4776 625 4848 Senescnrdelenefiriir.
935 4778 1131 4844 Iisubrenire.

446 4870 554 4931 Gffiqefq
577 4869 796 4928 emengggqonpm
818 4867 845 4922 pn
858 4880 923 4923 con·
1012 4846 1151 4908 ltu-ra
1165 4846 1406 4913 sutorumsmrtro,
1420 4852 1451 4901 ut
1464 4844 1559 4901 Festus
1568 4844 1587 4901 l.
1598 4860 1652 4901 xvrt
1666 4845 1774 4917 scribit,

507 4943 542 5001 ,q
560 4950 620 5001 ,m
635 4953 716 4998 ,meg
728 4938 869 5009 majam,
882 4940 925 5010 as.
976 4932 1035 4982 erat
1045 4922 1096 5007 eibi
1111 4934 1197 5003 gentis
1208 4934 1241 4975 ex
1256 4919 1342 5003 uariis⁸
1352 4918 1434 4974 rebus
1445 4914 1582 4974 conditum
1592 4918 1664 5003 ³.V.⁰¹
1676 4933 1776 4976 secuu-

975 4994 1161 5052 dumalrorum
1174 4997 1425 5060 interpretationem
1435 5002 1519 5060 genus
1530 5004 1669 5056 carminis,
1682 4994 1708 5043 tn
1720 5006 1774 5058 quo

117 5185 224 5259 ‘Wadi
234 5184 384 5241 mmm
398 5198 461 5254 ΡΜ·
475 5182 521 5267 ii‘
533 5197 561 5235 ῃ·
575 5180 625 5235 ¹⁸²
637 5176 718 5261 pusii
730 5173 925 5259 ‘iuim'impb
976 5210 1042 5267 olim
1056 5206 1212 5271 dicebalun
1225 5204 1269 5261 vei
1281 5204 1355 5278 νόμος
1367 5203 1449 5261 πολλὰ
1464 5203 1611 5281 περιίχων,
1622 5200 1649 5257 id
1664 5212 1715 5269 esi,
1731 5202 1776 5259 lex

116 5268 206 5321 '‘¹¹⁰'’
222 5266 297 5327 Μ’
309 5270 365 5313 ⁶⁸⁸⁶
374 5254 509 5326 &mima
522 5268 573 5325 Μ
586 5248 696 5322 'mni'
709 5248 772 5302 ''ni‘'
782 5245 926 5319 ''mmm''
977 5296 1039 5353 quac
1049 5278 1084 5337 de
1097 5275 1220 5350 pluribus
1231 5275 1312 5332 rebus
1325 5276 1453 5346 loquitur.
1466 5272 1541 5329 llicta
1554 5288 1568 5327 a
1581 5273 1659 5343 eopia
1672 5288 1772 5341 rerum,

116 5327 265 5387 'miii
977 5351 1081 5424 quasia
1095 5348 1245 5407 saturitate.
1263 5346 1331 5403 llinc
1342 5356 1442 5419 satyrae
1454 5359 1553 5402 nomen
1563 5342 1635 5415 quod
1647 5344 1774 5401 vitiorum

158 5398 276 5457 mam·
289 5399 363 5473 ΜΒ
383 5398 484 5455 ‘imi
606 5487 612 5500 ·
665 5486 671 5499 ¹
975 5438 1062 5496 gertus
1076 5436 1157 5477 ornus
1174 5420 1330 5476 insectetur.
1347 5417 1413 5473 lude
1425 5418 1506 5473 etium
1516 5426 1638 5499 saturum
1652 5430 1773 5473 eumen.

158 5492 218 5549 Tiii
229 5492 291 5565 “W'-
304 5491 334 5549 ld
343 5500 395 5561 ⁰⁸¹2
410 5490 507 5547 Tm
517 5488 573 5561 illu
585 5484 764 5559 ‘intimidi
1011 5494 1116 5565 Septem
1130 5489 1214 5547 stillio
1223 5490 1346 5573 capitium.
1357 5488 1449 5560 Capita
1463 5495 1527 5545 sunt
1547 5486 1657 5553 tributa,
1672 5502 1732 5551 quc
1746 5490 1773 5543 in

154 5582 466 5642 ll.-Coelomissa.'lale
477 5576 723 5651 illudpan.'l,n.8:
734 5553 921 5646 illainqusm,
974 5566 1080 5639 singula
1099 5563 1187 5633 capita
1205 5562 1400 5620 inducebantur.
1421 5559 1526 5617 Glossse
1538 5566 1662 5615 veteres:
1678 5556 1774 5613 Tribo-

116 5660 170 5716 r'lls
184 5656 316 5729 molestos,
332 5651 599 5727 qeoeiuolssrtbjecto
614 5659 689 5716 noto,
704 5645 829 5705 neclridi
843 5646 921 5701 deum
973 5636 1199 5719 tauromenium,
1215 5632 1486 5717 lrrsrqtilsmrqipur.
1591 5701 1642 5715 ..
1725 5703 1730 5715 ι

116 5731 237 5796 mlle,
249 5727 294 5784 ssd
304 5728 395 5802 pennis
408 5726 545 5781 conrmisro
555 5722 677 5787 victorie,
690 5730 741 5776 torn
755 5713 831 5791 [aelle
843 5726 867 5772 tr
878 5731 922 5772 co·
1010 5710 1192 5781 Indulgenttoe.
1206 5703 1234 5762 ld
1244 5714 1307 5771 est,
1317 5716 1365 5760 tem
1385 5716 1525 5771 crantorem
1535 5701 1699 5759 contuentur
1711 5702 1774 5760 irie-

116 5806 214 5860 rnitste
226 5810 276 5869 est,
288 5800 426 5870 quamcito
438 5797 472 5853 sd
485 5806 566 5853 terres
577 5794 641 5853 celo
650 5793 729 5851 otim
743 5787 901 5865 perueniunt.
972 5782 1071 5840 rolitnti
1085 5788 1137 5837 turo
1150 5777 1256 5852 largiter
1269 5792 1324 5834 sese
1337 5792 1352 5833 s
1373 5775 1490 5832 sudanti.

262 5893 503 5960 Purnos.Vlll.
1235 5934 1238 5941 .
1505 5874 1542 5937 at
