3975 6292
140 297 195 359 653

639 299 884 361 nta'tsetntctts
905 293 1147 356 constabulum
1168 292 1299 351 otelbs.

1743 298 1797 360 ddi

138 428 201 469 curn
216 428 293 480 cont,
309 414 354 483 qui
369 412 416 469 tibi
434 428 466 469 ex
483 414 564 471 tantis
581 416 720 472 benelieiis
735 418 809 483 tuis,
826 424 853 472 et
868 418 980 477 tautoA
996 422 1035 469 tra
1050 455 1058 479 ‚
1072 418 1205 467 tantorum
1220 412 1387 485 principum,
1404 410 1495 469 colrmt
1511 413 1637 488 obsequia
1651 416 1793 489 priuatum.

137 505 369 563 necessitudinum
386 506 477 563 iatore
491 508 614 579 ingratus
625 510 760 577 extiterit,
778 509 865 565 adbuc
878 524 944 565 con-

138 601 279 671 templatui
297 610 375 671 cogat
393 610 422 655 ut
445 601 569 672 qttamvis
587 601 648 658 irati
670 611 803 659 revereat.
820 602 889 671 Quid
903 601 943 657 ia·

137 696 208 752 ciam
222 697 316 767 igitur,
331 706 359 751 ut
373 707 426 751 tarra
443 696 572 766 proiouda
588 698 701 753 vulnera
716 714 846 770 suspensa
861 713 943 753 mauu

137 790 276 846 tracteml
291 788 433 861 Usorpabo
450 790 577 846 niutirum
593 792 637 847 illa
653 792 811 861 communia
821 792 942 848 omnium

137 879 287 939 laeiuorunr
311 882 478 953 patrocinia,
494 900 555 956 qua·
577 893 666 940 tamen
688 884 846 955 plerumque
860 884 940 941 ctiam

136 990 152 1032 a
166 976 333 1048 sapientibus
346 986 514 1044 asseruntur,
531 977 666 1034 nemiuem
679 977 816 1036 homiuem
830 992 942 1050 peccare

135 1070 191 1125 nisi
205 1070 278 1137 lato,
293 1079 322 1126 et
337 1069 392 1141 ipsa
409 1070 513 1126 scelera
528 1071 681 1127 mortalibus
696 1080 774 1127 actus
784 1086 846 1127 esse
857 1069 941 1125 iorto-

136 1178 196 1231 nae,
222 1173 316 1220 contra
337 1173 426 1220 auteur
449 1164 562 1220 deorum
585 1180 696 1221 munera
719 1180 781 1221 esse
801 1164 939 1220 virtutem.

136 1254 302 1324 Gratulare,
327 1256 524 1323 Constantine,
549 1264 653 1312 naturae
672 1271 705 1314 ae
727 1257 848 1312 moribus
867 1256 940 1325 tuis,

134 1351 207 1423 quod
220 1363 246 1407 te
264 1351 343 1407 talem
354 1351 528 1407 Constantios
546 1350 611 1406 Pius
624 1352 756 1422 genuerit,
775 1351 855 1406 talem
870 1348 942 1406 side-

136 1460 198 1498 ruru
213 1444 323 1500 decreta
339 1442 500 1511 formarint,
518 1454 546 1500 ut
559 1443 677 1499 crudelis
689 1458 751 1499 csse
771 1459 823 1498 uon
841 1442 938 1513 possis.

134 1534 214 1590 illum
226 1544 316 1591 autem
331 1552 384 1591 non
400 1535 492 1599 credo,
505 1551 566 1591 curu
578 1544 706 1591 uenturus
715 1535 741 1591 in
751 1536 838 1591 lucem
854 1536 941 1605 optio·

132 1644 196 1684 uem
214 1630 294 1695 rite,
308 1644 360 1700 qna
375 1635 495 1683 uteretur
509 1628 659 1699 acciperet,
672 1639 772 1686 sortem
793 1628 940 1684 incurrisse

131 1721 303 1794 lugicndmu,
317 1738 376 1793 quae
387 1723 481 1778 multis
495 1722 649 1778 bominibus
664 1722 792 1791 injustum
806 1764 813 1789 ,
829 1729 855 1777 et
877 1735 937 1793 pos-

996 504 1048 563 Sed
1063 515 1089 562 et
1102 506 1149 576 illu
1164 505 1305 577 multijugo
1321 504 1415 573 lultus,
1431 508 1545 579 imperio
1556 517 1583 564 et
1597 518 1685 566 restro
1699 510 1798 584 tegitur

995 598 1072 653 tatus
1087 598 1243 653 umbraculo
1254 640 1261 665 ,
1272 613 1341 669 quos
1356 598 1408 654 seit
1421 614 1454 655 et
1469 614 1515 655 sua
1529 600 1614 672 stirpe
1624 604 1752 671 crevisse,
1769 614 1797 663 et

993 689 1096 761 glorias
1115 697 1219 745 vestras
1233 690 1283 746 sibi
1296 690 1369 763 juste
1381 690 1510 748 vindicat.
1525 692 1601 749 lluuc
1613 709 1679 767 ergo
1697 697 1794 767 illum,

993 798 1053 854 qmu
1068 784 1102 838 ab
1122 784 1167 839 illo
1189 782 1278 839 luerat
1306 782 1390 840 irater
1417 785 1536 856 ascitus,
1562 787 1656 858 puduit
1676 789 1795 863 imitari,

994 876 1057 931 lmie
1069 876 1142 932 illum
1156 878 1181 932 iu
1193 874 1338 949 Capitolini
1348 876 1423 933 Jovis
1434 880 1535 950 templo
1544 880 1651 952 jurasse
1660 883 1794 955 poenituit.

993 966 1051 1023 Nou
1065 970 1161 1025 mirum
1175 971 1247 1043 <quod
1261 970 1342 1026 etiarn
1357 986 1456 1043 genero
1468 972 1608 1044 pejeravit.

1029 1062 1100 1118 llll.
1116 1062 1180 1119 llaec
1195 1072 1238 1119 est
1258 1062 1343 1131 ludes,
1361 1064 1418 1120 baec
1435 1063 1528 1137 religio
1549 1064 1661 1122 Palatini
1682 1068 1795 1126 sacrarit

992 1154 1088 1211 derata
1104 1156 1303 1227 penetralibus,
1319 1166 1347 1212 ot
1360 1156 1434 1213 leute
1449 1166 1476 1213 et
1490 1168 1666 1228 crruetanter,
1677 1158 1732 1231 jaun
1744 1160 1796 1217 sel-

991 1250 1055 1309 licet
1068 1267 1129 1308 euur
1154 1250 1208 1307 illis
1223 1250 1284 1307 belli
1300 1252 1435 1319 consiliis,
1457 1252 1552 1308 itinere
1571 1252 1711 1323 coniecto,
1730 1269 1795 1311 eou-

991 1348 1107 1419 sumptis
1127 1348 1212 1418 copiis
1227 1348 1415 1417 mansionum,
1435 1363 1469 1404 ue
1484 1348 1543 1419 quis
1560 1350 1688 1421 consequi
1704 1358 1797 1420 posset

990 1444 1136 1511 exereitus,
1150 1452 1260 1513 repente
1275 1443 1344 1497 iutra
1362 1444 1479 1513 parietes
1491 1440 1646 1498 consideret
1661 1457 1794 1515 purpura·

991 1546 1052 1607 tus,
1069 1546 1097 1595 et
1106 1538 1148 1594 bis
1161 1537 1311 1609 depositum
1327 1538 1406 1593 tertio
1422 1548 1564 1610 usurparet
1580 1538 1735 1611 imperium,
1750 1540 1796 1597 lit·

992 1642 1063 1686 teras
1071 1630 1102 1686 ad
1114 1630 1298 1687 sollicitandus
1308 1632 1443 1687 exereitus
1451 1634 1580 1701 mitteret,
1592 1624 1671 1690 idem
1680 1634 1794 1691 militurn

991 1725 1164 1795 praemiorum
1193 1725 1374 1780 ostentatione
1403 1725 1512 1782 turbare
1543 1732 1675 1795 tartaree
1699 1742 1796 1785 secure

132 1824 222 1873 tremo
244 1816 293 1889 ipsi
313 1815 496 1872 voluntarium
511 1815 590 1872 lerret
611 1816 736 1872 exitium.
752 1815 785 1871 Ut
799 1816 872 1871 euim
886 1815 938 1870 alia
954 1816 977 1879 B
991 1816 1093 1872 scilieet
1108 1832 1207 1873 usurus
1222 1818 1341 1874 etereitu
1360 1834 1439 1890 quem
1461 1818 1570 1875 uenales
1586 1834 1682 1875 manus
1695 1817 1795 1877 babere

132 1912 255 1979 mittam,
269 1911 321 1967 boe
335 1912 421 1983 ipsum
442 1926 531 1967 uonue
545 1910 591 1965 lati
606 1912 751 1967 necessitas
763 1911 833 1978 tulit,
855 1923 882 1966 ut
894 1911 939 1967 ille

130 2004 225 2077 pietati
247 2012 298 2058 tue
318 2002 388 2057 banc
412 2002 528 2059 reierret
547 2003 648 2069 viecut,
666 2019 745 2074 quem
762 2012 788 2058 tu
808 2002 842 2059 ab
865 2002 938 2060 Urbe

131 2095 256 2165 pulsum,
269 2094 389 2151 abitalia
404 2095 533 2168 iugatum,
545 2096 579 2150 ab
589 2093 697 2167 illyrico
707 2079 874 2166 repudiatum
887 2095 938 2151 tuis

129 2190 295 2261 prouinciis,
311 2190 362 2245 tuis
374 2191 476 2259 copiis,
492 2198 538 2245 tuo
553 2190 653 2261 palatio
667 2191 814 2261 recepisti?

168 2282 226 2341 XV.
242 2283 329 2353 erirl,
345 2299 404 2353 oro,
420 2284 471 2340 sibi
486 2283 587 2339 velerit?
602 2284 665 2355 quid
679 2284 802 2355 optauit?
817 2294 863 2341 aut
873 2284 937 2357 quid

128 2378 249 2447 amplius
257 2378 453 2445 adipisceretur
467 2376 510 2433 bis
520 2393 580 2449 quse
591 2394 605 2433 a
618 2386 643 2432 te
656 2375 742 2433 luerat
757 2380 937 2435 consecutus?

127 2474 174 2529 cui
186 2482 212 2529 to
226 2488 347 2542 summa,
366 2483 393 2532 el
406 2475 589 2533 diversissima
605 2474 685 2541 bmta,
701 2475 834 2546 puratum
852 2476 936 2532 otium

125 2553 160 2622 et
173 2566 261 2639 regias
272 2584 337 2639 opes
354 2567 479 2636 dederas,
496 2568 540 2625 cui
550 2568 710 2641 digredienti
722 2568 754 2624 ad
766 2568 882 2627 annulos
893 2585 937 2626 sc·

125 2656 219 2726 cieras,
235 2658 278 2713 cui
293 2658 440 2729 impensius
455 2659 535 2715 etiam
547 2676 627 2731 quant
640 2660 687 2716 tibi
700 2673 843 2717 occurrere
857 2660 937 2719 obse-

124 2752 192 2821 quia
214 2758 305 2806 nostra
328 2752 525 2821 mammenus,
551 2752 628 2824 enjus
647 2753 773 2808 orrruibus
792 2753 876 2825 jussis
897 2754 936 2809 sic

124 2852 263 2901 statueras
277 2844 408 2913 obedire,
424 2857 453 2901 ut
474 2861 557 2917 penes
572 2856 597 2903 te
618 2847 741 2915 babitus,
756 2863 839 2920 peaes
860 2847 934 2903 illum

124 2950 248 3012 potestas
273 2950 347 2997 esset
362 2939 479 3011 imperii.
500 2941 629 3009 Quisnam
648 2941 695 2996 ille
715 2951 803 2998 tantus
816 2942 866 2997 luit
880 2957 934 2998 uou

124 3030 209 3087 ardor
219 3032 357 3102 potentie,
373 3031 436 3101 quid
452 3032 524 3088 euim
539 3042 566 3089 te
581 3032 732 3103 imperante
747 3049 800 3088 uon
821 3036 934 3107 posset?

123 3124 176 3180 sed
187 3124 326 3196 errorjaru
342 3124 501 3195 desipientis
515 3128 619 3193 aetatis,
637 3135 665 3180 ut
683 3135 722 3181 tot
735 3135 813 3180 uatus
827 3142 931 3195 anuos,

990 1909 1148 1966 docuisset?
1164 1909 1223 1978 Quo
1238 1910 1346 1981 quidem
1362 1910 1433 1966 illius
1447 1925 1541 1966 errore
1555 1910 1721 1967 declaratum
1736 1918 1793 1979 est,

989 2000 1149 2073 lmpcrator,
1162 2003 1277 2073 quatuos
1290 2012 1315 2057 te
1326 2004 1439 2058 militurn
1451 2014 1556 2059 tuorum
1570 2018 1646 2059 autor
1656 2003 1794 2076 complec-

991 2106 1110 2181 teretur,
1127 2097 1172 2168 qui
1187 2107 1213 2154 te
1228 2098 1353 2153 omuibus
1366 2098 1463 2163 donis,
1480 2114 1540 2169 que
1555 2098 1602 2154 ille
1614 2098 1793 2172 promiserat,

989 2190 1116 2247 omuibus
1128 2190 1261 2247 bonorum
1273 2190 1455 2249 oblationibus
1468 2190 1653 2263 praetulerunt.
1666 2192 1735 2248 llara
1748 2192 1793 2247 illa

989 2285 1074 2339 virtus
1090 2284 1278 2352 continentiae,
1296 2284 1366 2341 visa
1384 2286 1474 2356 paucis
1488 2286 1629 2357 sapientie
1645 2295 1793 2359 praecepto·

988 2380 1063 2436 ribus
1080 2391 1168 2435 tamon
1183 2379 1328 2448 aliquando
1340 2388 1445 2451 servata
1458 2422 1464 2445 ,
1478 2390 1588 2449 propter
1601 2387 1644 2446 te,
1656 2376 1792 2436 Constan-

989 2473 1063 2540 tiue,
1077 2474 1197 2529 omnium
1212 2472 1351 2530 boruiuum
1366 2482 1408 2529 est
1422 2472 1491 2528 latete
1507 2472 1669 2542 communis,
1685 2488 1735 2529 ucc
1748 2487 1794 2528 so·

987 2568 1042 2625 lum
1060 2568 1085 2623 bi
1101 2584 1168 2639 quus
1187 2569 1255 2624 ratio
1282 2568 1388 2636 littera,
1407 2568 1467 2623 ettae
1482 2568 1559 2639 quies
1579 2565 1728 2638 mitigavit,
1743 2566 1792 2623 sed

987 2662 1068 2716 etiattt
1085 2660 1129 2717 ille
1148 2661 1302 2716 utililarirtru
1318 2660 1400 2716 ardor·
1413 2661 1581 2729 nnitttorbttt,
1599 2670 1723 2731 respectu
1735 2660 1790 2729 ltti,

987 2752 1061 2808 lucra
1081 2754 1252 2824 contempsit.
1271 2753 1382 2808 Fuerint
1402 2753 1484 2823 aliqui
1501 2751 1636 2808 exereitus
1653 2751 1792 2807 alacritate

986 2862 1018 2902 ac
1039 2848 1141 2904 viribus
1164 2859 1209 2903 tuo
1234 2849 1351 2915 similes;
1370 2846 1416 2903 tibi
1439 2850 1484 2903 uni
1510 2846 1621 2918 contigit
1643 2844 1791 2902 exercitum

987 2938 1087 2997 babere
1102 2926 1262 3012 sapientem.
1283 2940 1357 2996 llulti
1383 2940 1448 2995 olim
1466 2940 1580 2996 iurtasse
1598 2939 1673 3011 prari
1686 2940 1789 3007 dueeS,

985 3034 1069 3089 armis
1083 3032 1220 3105 impares,
1240 3033 1382 3106 largitione
1397 3042 1555 3099 certarunt,
1575 3033 1622 3089 sed
1636 3033 1727 3090 brevis
1744 3048 1791 3090 eo

986 3143 1046 3183 ruru
1061 3127 1109 3183 lutt
1120 3139 1148 3183 nt
1162 3128 1261 3185 caduca
1279 3128 1454 3200 popularitas,
1471 3142 1538 3199 quos
1554 3127 1631 3184 laetle
1647 3128 1708 3183 vicit
1720 3128 1792 3199 quis-

123 3218 299 3289 grauissimas
309 3233 400 3287 curas,
412 3228 440 3274 ct
451 3219 549 3274 bellom
561 3220 640 3274 ciuile
653 3220 822 3289 susciperet?
833 3219 930 3286 Nullis,
944 3210 967 3273 C
983 3222 1043 3293 quis
1055 3220 1174 3277 imitatus
1189 3231 1240 3277 est.
1259 3220 1307 3278 llio
1323 3220 1435 3289 brutus,
1453 3221 1496 3277 bic
1511 3231 1628 3276 aeternus
1644 3228 1685 3277 est
1698 3222 1791 3291 reipu-

123 3322 158 3368 ιιι
175 3327 218 3369 tes
233 3323 294 3380 est,
318 3313 475 3369 muneribus
496 3312 612 3367 turtuua
634 3313 793 3384 expiamur,
817 3328 930 3381 quorum

124 3404 267 3477 cupidates
286 3408 353 3459 ratio
369 3422 421 3462 uou
441 3406 586 3472 tenuiuat,
601 3415 681 3479 atque
700 3408 735 3463 ita
754 3422 801 3463 eos
817 3405 931 3463 [elicitas

124 3498 231 3570 ingrata
255 3498 425 3565 subterfluit,
440 3511 469 3554 ut
487 3515 594 3570 semper
614 3499 684 3572 pleni
706 3514 815 3571 sperum
830 3542 837 3568 ,
852 3501 929 3558 uacui

123 3592 351 3663 commodorum,
383 3595 561 3666 praesentibus
596 3603 726 3663 careant,
756 3595 819 3651 dum
855 3597 927 3661 inlu,-

122 3704 155 3743 ra
172 3696 356 3757 prospectant.
381 3687 490 3743 bteuiut
514 3687 633 3742 diriuuur
657 3686 733 3743 illurn
752 3688 856 3755 virum,
883 3688 929 3759 qui

124 3780 231 3852 primus
246 3780 388 3850 imperium
403 3792 430 3837 et
442 3780 612 3851 participavit
622 3792 648 3836 et
660 3781 768 3853 posuit,
783 3782 887 3838 consilii
903 3791 930 3837 et

122 3876 188 3931 lacti
208 3875 248 3930 sui
264 3890 316 3931 uon
333 3875 462 3946 persultet,
482 3891 532 3930 uec
553 3876 675 3931 amisisse
696 3889 726 3930 se
749 3884 841 3945 potat,
858 3874 929 3948 quod

122 3976 225 4039 sponte
240 3966 417 4039 transcripsit.
432 3966 504 4023 Felix
521 3967 668 4039 beatusque
682 3981 762 4036 tere,
777 3984 856 4039 quem
870 3984 931 4025 res-

984 3313 1062 3369 blieae
1074 3322 1183 3383 eustos,
1198 3330 1277 3387 quem
1293 3316 1379 3389 ipsum
1397 3330 1443 3385 per
1459 3330 1488 3371 se
1502 3315 1600 3371 milites
1620 3323 1712 3370 autaut
1724 3358 1732 3383 ,
1743 3316 1788 3373 cui

984 3421 1037 3462 uon
1052 3406 1189 3475 blandita,
1206 3423 1257 3463 uec
1278 3408 1386 3464 rerrdtta
1401 3406 1486 3463 seruit
1506 3408 1634 3474 adulatio,
1660 3408 1707 3463 sed
1723 3407 1790 3463 situ·

982 3502 1044 3575 plex
1055 3514 1083 3560 et
1098 3504 1203 3560 sincera
1218 3504 1336 3561 devotio.
1353 3505 1426 3561 bona
1442 3513 1486 3560 tua
1496 3547 1504 3573 ,
1516 3503 1710 3571 Constantine,
1727 3520 1786 3559 rua-

982 3597 1081 3653 nil'este
1105 3607 1170 3655 suut
1190 3611 1265 3671 grata
1283 3599 1431 3667 militibus,
1446 3598 1494 3655 sed
1516 3599 1567 3655 buc
1580 3600 1699 3671 gratiora
1715 3598 1786 3671 qood

982 3702 1026 3749 tua
1040 3694 1302 3767 sunttluaeemuqeo
1313 3696 1439 3767 porrigis,
1455 3710 1534 3749 mauu
1549 3705 1593 3750 tua
1609 3694 1675 3749 bmu
1687 3708 1785 3766 accep·

982 3788 1062 3843 liora.
1083 3789 1168 3855 Quam
1183 3804 1262 3844 uento
1286 3798 1373 3861 potest
1389 3799 1475 3845 tecum
1496 3786 1547 3844 bue
1559 3786 1705 3843 ambitione
1717 3802 1785 3844 eon·

983 3881 1114 3937 teuderei
1128 3882 1310 3953 insuperabile
1322 3899 1408 3954 geues
1420 3891 1462 3940 est
1476 3883 1635 3955 largitionis,
1651 3898 1712 3937 eunt
1728 3882 1785 3953 ipse
1804 3937 1809 3946 ,

983 3972 1061 4030 militi
1080 3976 1220 4046 premium
1235 3982 1277 4032 cst
1292 3978 1446 4048 imperator.
1465 3975 1559 4047 itaquo
1569 3975 1666 4031 tribuis
1681 3984 1708 4031 to
1725 3976 1785 4047 qui.

788 4085 967 4146 tttttotttttt
987 4089 1103 4149 ttOTAE.

123 4200 226 4259 babeat
237 4202 338 4272 justam
351 4216 460 4257 eausam
474 4200 571 4272 deipso
584 4201 778 4273 conquerendi,
794 4202 876 4260 bourn
890 4214 931 4261 ta·

121 4292 187 4331 meu
205 4276 324 4343 pris-atus
338 4274 418 4330 debet
429 4290 478 4328 stro
492 4274 610 4329 sermoni
627 4274 735 4328 ruodum
751 4290 860 4344 ponere.

160 4345 347 4413 Conteutplutui
371 4355 454 4417 cogat.
472 4344 555 4401 etate
573 4356 717 4415 corruptus
734 4346 810 4401 lucus
824 4390 831 4414 ,
847 4364 927 4417 quem

120 4416 169 4471 alii
180 4420 233 4473 abu
245 4420 325 4471 rrtotlu
339 4418 494 4473 restituunt.
509 4418 643 4488 bangius:
658 4417 750 4471 Adime
760 4423 927 4489 contempturi

120 4506 246 4559 coquuurr
259 4532 267 4556 ,
282 4498 359 4561 tuque
380 4492 494 4560 quumvis
516 4490 598 4544 iratas
623 4504 761 4543 reaccenso.
789 4489 926 4549 bit-taetus

119 4563 208 4615 adbuc
221 4562 402 4631 coartentplutio
416 4564 442 4615 iu
456 4562 494 4616 tui
509 4570 597 4632 copul,
613 4570 641 4613 ut
655 4562 768 4629 quaternis
786 4563 845 4619 irati
858 4579 926 4619 reee-

119 4642 239 4689 reaatar.
256 4634 390 4688 Acidalius
405 4634 470 4704 legit
485 4632 663 4687 lieoereuumr.

161 4703 308 4775 Usurpube,
323 4716 376 4759 etc.
398 4704 426 4760 ld
448 4714 508 4770 est,
522 4704 589 4761 Utar
606 4704 742 4759 communi
768 4705 813 4760 illa
832 4705 925 4763 deien-

118 4777 199 4904 sique
220 4776 353 4833 scelerum
369 4791 449 4848 quam
470 4791 599 4846 usurpare
616 4791 687 4845 saepe
706 4776 787 4832 eliam
801 4779 927 4851 sapientes

118 4863 152 4905 so
164 4857 221 4902 ent.

159 4918 221 4975 Nisi
233 4922 297 4991 [ato.
311 4917 380 4975 Nota
395 4918 519 4974 callidam
533 4918 685 4975 Stoicorum
701 4920 861 4989 nequitiam,
880 4923 926 4992 qui

119 5002 152 5048 ut
167 5003 224 5046 tuto
242 4992 292 5047 sibi
311 5006 373 5047 esse
393 4990 525 5062 improbis
547 4991 638 5046 liceret
655 4990 789 5047 scelerum
813 5007 925 5048 suonam

117 5078 230 5120 causam
247 5064 273 5118 iu
289 5061 374 5117 iatum
390 5062 563 5132 nescioquod
577 5062 745 5130 rejiciebant.

156 5135 239 5191 tttum
251 5145 335 5189 netem
350 5134 436 5189 credo.
449 5133 622 5205 Negationem
641 5133 737 5189 sustuli
753 5143 813 5204 post
829 5132 927 5189 Acida-

117 5206 198 5273 tium,
211 5218 238 5260 ut
251 5221 347 5261 seusus
359 5206 412 5260 sit:
426 5220 486 5259 euru
501 5206 590 5260 :urimo
606 5216 650 5259 tuo
664 5206 817 5260 abemrdum
834 5206 884 5261 luit
897 5208 924 5262 iu

117 5278 236 5334 errortale
248 5292 358 5348 corpus,
374 5292 391 5333 o
404 5276 595 5342 Curnstautiue,
609 5286 634 5331 te
647 5277 727 5331 talem
740 5277 859 5333 sidorum
879 5278 927 5333 de-

117 5359 193 5407 creta
210 5348 377 5419 formarunt,
393 5358 422 5403 nt
434 5348 552 5405 crudelis
562 5363 633 5403 esse
651 5362 704 5402 nou
719 5350 826 5418 possis:
841 5349 926 5405 llari·

117 5424 210 5479 uriauo
231 5436 297 5476 vero
312 5421 357 5476 illa
377 5428 437 5476 sors
452 5420 567 5491 obtigit,
583 5433 643 5491 quae
656 5428 685 5474 et
696 5419 768 5490 ipsi,
789 5429 817 5475 et
831 5422 923 5478 multis

117 5494 181 5549 aliis
193 5492 279 5549 exitio
301 5494 350 5548 luit
363 5510 371 5546 τ
384 5493 484 5548 sortitio
497 5501 587 5548 autem
610 5491 655 5546 ille
673 5506 705 5546 ex
728 5491 923 5563 Epicureorum

117 5566 243 5622 doctriua
257 5572 363 5634 sumpta
377 5576 429 5619 est.

155 5646 253 5702 xlt-
264 5646 303 5700 dri
310 5645 420 5701 mutuatos
427 5646 539 5701 sederes.
549 5644 662 5701 Veteres
669 5644 804 5700 editiones
810 5660 921 5716 sequor;

118 5734 270 5788 sensusque
281 5729 333 5784 est,
354 5716 465 5772 lmuuris
477 5732 557 5773 eausa
571 5715 681 5772 sederas
692 5717 724 5770 ad
736 5717 883 5783 airristrarn,
895 5717 922 5773 iu

117 5802 171 5861 qua
184 5782 297 5846 Grecos
309 5794 338 5846 et
350 5785 487 5845 ltomeuos
497 5786 625 5846 urrnulmu
638 5796 744 5858 gesturo
757 5785 851 5844 salbos
867 5798 923 5845 tes·

982 4216 1075 4264 tauram
1088 4210 1097 4281 i
1112 4210 1144 4265 Α.
1159 4210 1257 4267 Gellius
1273 4213 1290 4268 i.
1306 4230 1333 4282 ι,
1350 4231 1373 4270 c.
1387 4214 1431 4281 tb,
1448 4224 1471 4270 et
1487 4215 1601 4273 Macrob.
1615 4216 1722 4275 Salem.
1735 4232 1781 4288 ιιι,

981 4296 1005 4334 c.
1023 4280 1079 4354 lb).
1101 4280 1130 4339 ln
1144 4283 1263 4341 Puteaua
1283 4288 1402 4343 eutttoao
1416 4295 1457 4343 est
1467 4288 1501 4343 od
1513 4291 1611 4346 nrtrruiu
1623 4291 1733 4361 leun-as
1747 4304 1780 4346 an

981 4351 1122 4423 legendum
1138 4365 1162 4409 te
1173 4356 1208 4409 ed
1220 4372 1292 4412 urunt
1305 4360 1400 4414 urtrutla
1415 4361 1597 4431 [redemeras.
1612 4378 1660 4418 seu
1675 4359 1783 4433 quaudo

981 4423 1067 4479 iterius
1086 4440 1146 4480 cum
1161 4444 1193 4481 en
1206 4429 1298 4498 inisti,
1313 4444 1360 4487 seu
1380 4447 1439 4487 eum
1460 4434 1519 4500 eius
1537 4434 1617 4488 liliam
1631 4434 1657 4489 iu
1671 4448 1781 4489 uxorem

980 4498 1118 4565 accepisti.
1141 4499 1244 4571 Duplex
1260 4505 1309 4557 bae
1322 4504 1393 4560 euim
1410 4506 1548 4560 obtinebat
1562 4506 1632 4575 apud
1646 4506 1782 4561 llontanos

980 4570 1160 4626 consuetudo.
1173 4573 1226 4628 tttii
1245 4573 1334 4645 legunt
1347 4576 1451 4631 sinister
1464 4577 1567 4632 sederas
1581 4578 1646 4633 :alii
1655 4577 1689 4633 cd
1699 4578 1782 4633 melos

981 4640 1165 4705 ledecumbe.

1014 4709 1139 4767 Divinum
1151 4714 1225 4769 illum
1238 4712 1329 4771 aierem.
1343 4718 1552 4786 Diocletianum,
1564 4719 1610 4791 qui
1621 4719 1780 4776 satonoeubt

977 4788 1101 4852 privatus
1120 4786 1228 4841 virebat
1252 4802 1299 4856 por
1322 4789 1424 4848 litteras
1443 4806 1456 4842 a
1481 4792 1645 4849 blatrtimiauo
1659 4794 1692 4847 nd
1704 4806 1781 4849 reso·

978 4855 1105 4938 mendum
1119 4856 1262 4939 imperium
1277 4860 1421 4918 inritatus:
1437 4860 1552 4932 Utinam,
1568 4864 1665 4937 inquit,
1675 4863 1781 4921 Scione

977 4934 1086 4993 possent
1101 4942 1179 4982 atsere
1197 4928 1267 4982 oleru
1278 4934 1372 4987 nostris
1385 4934 1502 4990 aturribus
1516 4937 1647 5005 institute,
1665 4938 1780 5009 profecta

976 5012 1108 5065 numquam
1119 4998 1189 5053 istud
1203 5004 1353 5057 tentandum
1367 5005 1523 5063 indicaretis.

990 5137 997 5149 ι
1013 5066 1324 5150 lili-Bisdepositmn.
1335 5076 1452 5132 Primum
1461 5078 1613 5147 Mediolani,
1622 5078 1666 5135 ttbi
1676 5078 1781 5134 Diocle·

978 5145 1044 5221 luant
1055 5156 1133 5209 quem
1149 5144 1230 5212 patris
1243 5144 1302 5200 loco
1312 5146 1568 5221 babebatexcmplo,
1582 5161 1609 5207 et
1621 5150 1781 5207 auctoritate

977 5209 1104 5294 reductus
1117 5211 1241 5284 deposuit
1259 5230 1413 5288 purpuram.
1429 5221 1497 5276 Tum
1511 5231 1677 5293 resumptum
1692 5220 1780 5290 impo-

977 5295 1046 5335 rtum
1068 5293 1166 5369 rterrmt
1193 5286 1320 5344 'l'rcveris
1343 5292 1487 5349 abdicarit.
1515 5299 1553 5351 de
1572 5292 1678 5349 tandem
1701 5296 1781 5349 terlio

976 5365 1118 5422 usurparat
1131 5360 1285 5426 tmperium.

1008 5422 1229 5513 'Securercilicet
1249 5436 1388 5512 Εἰρωνικῶς
1400 5454 1406 5491 :
1418 5436 1488 5492 baud
1504 5436 1576 5493 euim
1589 5446 1673 5493 tutent
1692 5444 1732 5493 est
1745 5451 1778 5493 eo

975 5506 1016 5551 tttt
1028 5507 1164 5568 exeretlu,
1181 5505 1224 5569 qui
1240 5508 1348 5562 venales
1363 5510 1462 5579 babere
1477 5525 1571 5565 ritanus
1584 5508 1718 5565 didicerit.
1769 5508 1773 5511 ’

993 5575 1069 5661 ,Νρο
1083 5578 1182 5667 soient.⁸
1194 5581 1221 5638 id
1235 5596 1293 5649 est,
1309 5586 1473 5645 Nectantuur
1488 5590 1527 5646 iili
1539 5604 1606 5667 quos
1622 5588 1706 5655 ratio,
1720 5586 1776 5643 dis·

975 5648 1075 5717 crplma
1100 5660 1127 5705 et
1158 5665 1209 5710 mta
1232 5658 1346 5727 quietior
1366 5664 1561 5719 mansuetiores
1580 5660 1660 5727 iecit,
1681 5674 1774 5715 verum

976 5718 1058 5774 etiam
1073 5720 1172 5779 milites
1188 5728 1279 5785 anirno
1295 5729 1478 5801 ardentioresq
1494 5744 1538 5792 lua
1558 5748 1637 5792 enttsn
1651 5740 1775 5803 questum

976 5792 1165 5861 neglexerunt.
