3975 6292
133 267 186 327 857
419 266 574 328 SANCTUS
592 265 712 326 tutius
731 265 821 325 PAPA
838 267 860 324 1.
882 263 1019 325 NOTITIA
1041 265 1236 337 his'touicu,
1255 268 1405 339 Clll'llCA,
1427 271 1503 330 E'lC.
1730 272 1785 332 858

134 395 244 450 moneo,
269 391 297 438 ut
312 397 364 454 qua
377 381 482 438 debetis
499 391 526 439 et
544 383 657 455 potestis
670 379 852 440 sollieitudine
866 381 933 454 vigi·
946 388 972 452 A
988 383 1087 451 poterit
1100 397 1232 440 excusare
1249 426 1257 452 ,
1285 385 1447 457 quicumque
1467 387 1572 457 piebem
1599 401 1675 444 suam
1690 397 1785 446 contra

133 473 195 531 letis
209 474 242 529 ad
268 473 468 547 investigandos
488 475 641 544 haereticos,
655 485 682 533 et
696 476 819 533 inimicos
833 486 934 533 sanctae
987 474 1124 548 sacrilege
1138 473 1320 548 persuasionis
1344 488 1469 536 auctores
1494 480 1611 539 nolucrit
1637 482 1784 539 custodire.

134 567 182 623 Dei
199 568 337 633 Ecclesiae,
354 577 408 625 ela
434 569 507 625 sanis
519 570 663 633 mentibus,
675 585 709 627 ne
725 571 807 642 pestis
823 569 881 627 hnc
891 568 933 625 ia·
987 569 1053 627 bata
1076 581 1171 628 actare
1188 571 1319 629 kalendas
1333 575 1509 641 ruoremhris,
1534 575 1683 649 Nepotiane
1697 583 1725 633 et
1736 575 1785 636 Se·

133 661 187 717 lius
198 661 358 734 divulgetur,
368 663 514 720 severitate
525 679 576 737 qna
588 664 701 736 potestis
712 679 761 734 pro
772 663 873 721 uiribus
884 678 932 720 ex·
986 664 1075 722 euudo
1089 663 1128 739 (ι)
1142 665 1205 724 airis
1216 667 1372 724 clarissimis
1384 668 1550 727 consulibus.

132 751 249 824 tirpetis.
274 753 405 822 Quoniam
420 764 449 810 ut
474 754 584 811 habehit
605 771 619 810 a
635 755 690 812 ileo
705 755 793 828 dique
806 769 934 812 remune-

133 845 246 902 rationis
259 846 412 917 prumien,
431 846 478 920 qui
491 845 647 918 diligentius
669 847 740 920 quod
763 847 796 904 ad
817 848 932 905 salutem
1001 898 1007 910 ,
1024 825 1065 900 (¹)
1080 825 1206 910 ΜΝ
1226 841 1299 914 ‚²⁰⁰9
1312 827 1376 884 ³⁵⁶²
1392 829 1426 886 Ᾰῑ
1439 828 1495 913 [³¹⁰
1506 829 1611 916 ⁰¹³³⁰fi¹
1625 830 1732 916 Masius
1743 829 1785 902 ῙΡ·

132 940 288 995 commissa
311 939 361 996 sihi
387 939 475 1012 plebis
488 941 610 1012 proficiat
633 941 715 1000 mem
742 951 880 1014 executus,
896 943 933 1000 ita
985 914 1023 953 ιιι
1038 913 1117 954 nonus
1129 898 1247 955 octobres
1261 898 1382 970 ejusdem
1394 916 1469 958 annu.
1487 900 1606 959 Octobres
1616 903 1785 961 substituunt

132 1042 198 1089 ante
220 1031 337 1089 tribunal
363 1033 469 1090 bomini
488 1034 523 1092 de
546 1043 622 1092 reatu
642 1035 812 1110 negligentias
835 1051 865 1096 se
879 1053 932 1096 non
984 968 1277 1099 gprsqilzrlrlnnptrargitacgteos
1289 970 1415 1044 summus
1427 973 1474 1031 Μ’
1489 973 1591 1030 Whist'
1605 973 1691 1034 ‘md'
1716 975 1782 1047 imp·

731 1273 801 1316 Aulio
814 1273 920 1320 enhis'lt
929 1277 1179 1324 cccxxxvii-ccclii.

30 1535 33 1542 ,
102 1377 735 1579 ιιιιιιιιιι
811 1418 1234 1672 neurus
1281 1415 1602 1588 nunu
1640 1419 1715 1583 1.

639 1721 1296 1777 ...qma-...—

236 1819 478 1966 nomrm
525 1873 874 1972 nrsromea,
920 1875 1158 1964 carrica
1199 1879 1275 1966 nr
1317 1881 1677 1978 narrantum

662 2040 704 2106 th
726 2039 915 2106 SANCTUM
935 2039 1083 2106 tunium
1104 2041 1252 2107 PAPAM.

888 2175 1024 2230 *soec-

309 2308 354 2382 §n
366 2323 446 2364 -ιιιι
465 2322 529 2364 viru
547 2321 614 2364 rnen
634 2321 708 2364 rure
722 2323 742 2362 ι.
797 2368 800 2376 ,
941 2306 1168 2384 Βιιιιιιιιιιιιιιι
1183 2309 1210 2364 in
1223 2307 1306 2366 exilio
1321 2308 1370 2364 luit
1383 2309 1522 2366 mensibus
1541 2307 1654 2378 decena,
1676 2317 1705 2370 ιι
1722 2317 1785 2384 pom

285 2401 328 2460 Ee
341 2401 406 2458 libro
420 2402 562 2474 pontificati
576 2399 683 2458 bunost
696 2415 782 2474 popte-
981 2401 1130 2459 Constantii
1153 2411 1285 2470 mortem,
1310 2417 1372 2460 earm
1386 2403 1471 2476 gloria
1495 2418 1620 2461 reversus
1642 2404 1677 2460 ad
1689 2407 1783 2463 eedem

170 2496 267 2566 lulius,
285 2496 395 2553 natione
413 2494 568 2562 Romanus,
582 2509 615 2550 ex
629 2505 708 2567 patre
726 2493 843 2563 rustico,
860 2493 931 2551 sedit
982 2496 1053 2553 beati
1067 2496 1139 2554 Petri
1154 2496 1289 2567 apostoli,
1305 2496 1368 2554 lecit
1382 2497 1506 2554 basilicas
1518 2498 1601 2567 duas,
1615 2515 1695 2555 unam
1707 2501 1785 2571 iuxta

133 2603 221 2646 armos
232 2575 385 2662 quindecim
400 2630 408 2652 ,
424 2601 532 2644 menses
545 2587 635 2657 duos,
657 2588 723 2644 dies·
735 2587 780 2645 ts.
807 2585 870 2642 Fuit
883 2603 930 2642 au·
983 2589 1090 2655 hurum,
1111 2595 1139 2644 ιι
1158 2590 1237 2644 aliam
1259 2590 1301 2644 ria
1322 2589 1470 2659 Flanrinia;
1487 2600 1516 2651 ιι
1532 2593 1690 2649 caemeteria
1711 2592 1783 2660 tria,

130 2693 186 2742 tem
202 2683 367 2756 temporibus
380 2681 532 2739 Constantii
539 2680 671 2750 haretici,
688 2679 735 2738 dlii
744 2679 929 2751 Constantini,
983 2699 1067 2740 unum
1089 2683 1133 2740 eia
1152 2681 1302 2751 Flaminia,
1323 2683 1395 2741 aliud
1409 2687 1452 2741 nia
1469 2685 1594 2752 Aurelia,
1609 2697 1637 2741 ct
1648 2685 1720 2741 aliud
1740 2687 1784 2742 ria

127 2779 302 2838 aeonstdatu
321 2777 449 2837 Felieiani
469 2785 497 2836 ιι
514 2776 735 2856 llaximini.llie
757 2786 818 2849 post
832 2777 931 2834 multas
984 2777 1137 2834 portuensi.
1152 2777 1201 2834 ilie
1216 2777 1391 2834 constitutum
1408 2778 1489 2848 iecit,
1506 2785 1536 2836 ιιι
1555 2777 1646 2836 nullus
1666 2778 1785 2836 clericas

791 2913 895 2992 norm
915 2915 1077 2974 auruum
1097 2915 1186 2976 etun.

130 3051 147 3086 Ψ
167 3057 266 3114 lulius.
281 3019 419 3129 vigesima
432 3061 507 3112 serta
522 3052 567 3111 die
579 3053 722 3121 Octobris,
738 3047 924 3110 aunonimtui
977 3052 1069 3110 luerit.
1091 3051 1169 3123 Quod
1190 3031 1291 3124 patebit
1315 3053 1384 3112 inira
1404 3069 1439 3112 er
1459 3055 1532 3112 notis
1549 3053 1584 3111 ad
1598 3054 1731 3127 epistolas
1751 3060 1782 3112 ιι

129 3131 196 3199 ιιι,
210 3129 254 3199 qui
271 3137 313 3185 cst
326 3125 494 3184 Constantini
504 3126 675 3198 imperatoris
694 3126 815 3193 ultimus,
826 3123 923 3191 lulius,
979 3125 1094 3182 eunoiha
1111 3123 1162 3181 sub
1175 3125 1247 3183 lulio
1262 3126 1363 3183 hahita.

129 3205 198 3258 civis
222 3197 570 3271 deruanuspuudhuatum
595 3197 846 3267 Ecclesiaradcptus
871 3209 923 3254 est.
1015 3195 1087 3253 Sedit
1102 3214 1182 3252 narres
1211 3197 1255 3265 ld,
1280 3214 1378 3253 meteres
1413 3198 1441 3266 A,
1470 3200 1524 3254 dies
1547 3197 1591 3254 l8.
1617 3198 1669 3267 Qui
1709 3213 1780 3256 anno

129 3272 215 3344 Catius
240 3273 317 3327 initio
343 3269 537 3326 Constantinus
563 3269 709 3340 imperator
734 3269 873 3327 catholica²
898 3277 926 3325 ιι
978 3266 1076 3324 Christi
1101 3267 1170 3334 552,
1197 3268 1283 3340 pridie
1304 3266 1367 3324 idus
1382 3270 1480 3341 Aprilis
1493 3286 1526 3326 cx
1542 3269 1592 3325 hac
1607 3272 1660 3325 vita
1676 3271 1709 3325 ad
1727 3270 1780 3326 llo-

129 3345 289 3410 ortbodosu.
303 3343 362 3399 tidci
378 3339 517 3398 consessor
535 3355 551 3396 e
567 3343 619 3396 vita
640 3342 800 3411 discedens,
820 3351 874 3398 tres
894 3339 926 3396 d·
979 3340 1081 3396 tainum
1093 3340 1238 3410 migrauit,
1260 3342 1394 3411 reperitur
1406 3341 1511 3398 sedisse
1525 3342 1602 3397 arnus
1619 3342 1663 3403 ι5,
1680 3343 1780 3398 meusi-

130 3418 182 3475 lios
205 3417 306 3482 hosce,
327 3414 553 3478 Constantinum,
583 3413 771 3471 Constantium
801 3427 833 3469 ae
856 3413 926 3470 Con·
980 3411 1031 3467 bus
1046 3411 1074 3479 5,
1095 3412 1190 3470 diebus
1213 3414 1257 3468 li.
1272 3410 1311 3469 lta
1332 3413 1475 3482 Batonius,
1505 3413 1647 3471 Vatieauos
1669 3414 1773 3472 indices

129 3498 246 3547 stantem
268 3487 372 3557 imperii
392 3484 434 3541 sui
455 3484 576 3542 traredes
596 3485 719 3557 reliquit3
736 3485 787 3540 ltoc
800 3486 833 3541 iis
846 3483 930 3541 tauri·
980 3494 1101 3550 secutus,
1116 3483 1159 3539 hie
1176 3501 1250 3542 nram.
1267 3500 1286 3542 t.

131 3571 209 3618 turus
228 3559 405 3632 praecipiens,
431 3564 460 3614 ιιι
477 3556 673 3627 Athanasium,
696 3572 776 3682 quem
797 3572 851 3612 nan
875 3566 928 3612 tarn
1016 3554 1092 3624 erod
1119 3555 1272 3629 Hieronymi
1298 3553 1419 3612 chronic.
1441 3555 1540 3612 hiberii
1564 3556 1713 3629 ingressura
1735 3571 1780 3614 re-

130 3635 299 3704 reicqasset,
321 3643 400 3702 quam
419 3629 684 3698 sanguinolentorum
715 3629 823 3684 restium
843 3628 929 3684 oculis
980 3625 1048 3682 ierat
1064 3628 1091 3682 iu
1107 3628 1177 3682 irene
1189 3643 1308 3694 ιιιιιιιιι,
1325 3628 1467 3684 coudrmat
1480 3643 1512 3684 ea
1533 3645 1594 3701 que
1616 3631 1695 3700 panio
1715 3638 1779 3686 aute

130 3703 165 3760 ad
181 3715 288 3772 ternpus
302 3701 493 3766 subtraxisset,
509 3709 565 3756 tutu
580 3701 605 3756 in
626 3701 767 3771 pristinum
787 3699 876 3756 loeurn
897 3714 929 3756 ac
979 3698 1014 3754 de
1028 3697 1090 3753 lolii
1103 3698 1177 3754 obitu
1188 3698 1316 3756 diximus.

130 3777 289 3846 dignitatem
319 3773 503 3830 restituerent.
536 3773 623 3839 Quam
650 3773 815 3828 voluntatem
845 3771 926 3842 patris
1017 3767 1069 3823 llic
1082 3772 1248 3840 postmultum
1262 3771 1570 3827 tribrrlerioneeineailio
1585 3771 1635 3838 {uit
1650 3771 1778 3828 nterraibur

130 3847 322 3904 Cotrslautiuus
340 3845 441 3915 iunior,
463 3844 612 3899 Constantii
636 3843 777 3915 permissu,
797 3851 927 3900 executus
980 3839 1076 3896 decem.
1103 3839 1201 3897 lulium
1228 3840 1381 3913 poutihcum
1407 3856 1455 3912 pro
1479 3843 1600 3898 exulibus
1624 3844 1777 3913 episcopis,

131 3919 199 3984 luit,
214 3920 353 3989 ipsumque
373 3916 549 3972 Athanasium
562 3916 747 3986 eumrcliquis
757 3915 927 3970 exulantibus
979 3913 1142 3979 Athanasio,
1161 3911 1303 3977 llarceilo,
1317 3912 1431 3982 aliisque
1445 3913 1568 3984 pluribus
1588 3913 1778 3982 restituendis,

130 3991 266 4063 episcopis
280 4005 311 4044 ae
324 3987 489 4060 preshyteris
501 3985 612 4044 sedibus
626 3988 682 4044 suis
701 3998 728 4042 ot
740 3987 864 4043 ecelesiis
883 4000 928 4042 ro·
979 3984 1079 4039 multos
1092 3984 1199 4041 labores
1211 3983 1376 4055 impendisse
1394 3984 1461 4040 inira
1474 3985 1566 4041 multis
1579 3987 1604 4040 in
1618 3986 1778 4054 locispate-

130 4063 228 4120 stituit.
242 4063 299 4130 Qun
312 4059 391 4128 lacto,
409 4075 469 4114 cum
484 4057 577 4114 Ariani
592 4067 619 4114 et
634 4058 778 4116 Eusebiani
802 4057 925 4114 haeresim
979 4054 1035 4122 bit;
1058 4056 1147 4128 ipsum
1160 4071 1224 4113 nero
1238 4057 1328 4128 aliquo
1342 4063 1465 4125 tempore
1477 4057 1586 4114 exilium
1600 4057 1779 4127 sustinuisse,

131 4149 209 4191 sumn
223 4133 398 4191 succumbere
417 4130 555 4198 viderent,
578 4145 629 4186 uon
651 4133 731 4186 modo
751 4129 926 4185 Athanasium
979 4136 1079 4197 praeter
1095 4128 1242 4196 Plotinam,
1257 4143 1378 4184 errorem
1398 4127 1458 4183 libri
1482 4128 1649 4201 pontificalis
1661 4144 1779 4200 sequen-

131 4211 210 4263 nouis
220 4203 360 4260 cuirnnniis
370 4210 533 4271 onerarunt,
546 4217 638 4258 rerum
650 4205 729 4258 etiam
744 4201 828 4272 ipsam
842 4201 927 4256 Nicar-
980 4207 1050 4267 turn,
1064 4214 1153 4263 nemo,
1168 4200 1240 4269 quod
1255 4199 1336 4255 sciam
1351 4199 1496 4265 hactenus,
1512 4203 1638 4258 asseruit.
1653 4199 1730 4270 Quod
1744 4201 1781 4256 ait

132 4294 178 4334 nae
199 4277 259 4334 lidei
275 4275 434 4341 iornmiam,
449 4275 550 4330 omisso
570 4272 801 4330 Coresubstuutiuiis
820 4275 928 4329 norrrine
980 4282 1042 4341 post
1076 4270 1177 4328 obitum
1196 4270 1346 4328 Constantii
1368 4273 1404 4328 al)
1426 4271 1509 4328 esitio
1527 4272 1778 4340 libcratnmiuissc,

131 4351 285 4412 immutare,
297 4347 408 4418 Ariiqne
420 4346 543 4402 iracresirn
558 4346 583 4400 iu
597 4346 739 4403 ecelesiam
755 4345 928 4402 introducere
979 4357 1150 4415 nequaquam
1163 4345 1291 4400 sustineri
1312 4353 1415 4413 potest:
1436 4358 1532 4399 rrnrrrcs
1545 4345 1633 4411 enim,
1649 4352 1782 4416 quotquot

131 4420 316 4478 elaborarunt.
337 4418 412 4487 Quod
427 4427 455 4474 ut
470 4415 574 4474 laciiius
588 4415 761 4488 expedirent,
778 4415 927 4490 presbytcri
980 4418 1200 4484 suntscriptores
1210 4414 1367 4482 Christiani,
1379 4415 1449 4471 sicut
1466 4430 1499 4471 er
1516 4426 1543 4472 ιι
1558 4415 1780 4488 gcrrtiiibustlm·

131 4493 247 4562 aiicujus
267 4490 376 4558 Ariani,
397 4503 479 4562 penes
500 4505 580 4559 quem
601 4487 793 4546 Constantinus
817 4505 858 4543 ma
879 4503 928 4543 nus
981 4486 1096 4550 anianus,
1109 4495 1203 4558 aperte
1213 4489 1344 4551 scribunt,
1356 4488 1463 4543 uiuente
1473 4486 1560 4543 adltnc
1581 4496 1609 4543 et
1630 4489 1781 4559 imperante

133 4579 216 4621 suasu
239 4563 341 4622 sororis
365 4562 529 4618 constantiae
555 4561 707 4617 testamenti
730 4560 835 4616 nhutas
858 4505 929 4616 Cou-
980 4558 1157 4625 Corrstantio,
1172 4558 1310 4615 Liberium
1320 4558 1451 4614 Ronannce
1463 4558 1592 4615 Ecclesia
1601 4574 1695 4615 curarn
1709 4559 1779 4630 egis·

133 4637 234 4692 starrtio
261 4634 402 4692 revertenti
436 4631 579 4688 tradendas
612 4634 795 4704 deposuerat,
828 4633 929 4688 auxilio
981 4643 1026 4696 se,
1041 4645 1073 4686 ae
1088 4640 1147 4701 post
1161 4633 1261 4688 multas
1271 4629 1467 4702 crepitationes
1477 4629 1512 4687 ab
1521 4631 1617 4688 eodern
1632 4634 1658 4686 iu
1668 4631 1781 4688 erilium

133 4707 214 4774 ireti,
230 4707 357 4778 principis
370 4703 505 4760 ambitiosi
524 4704 638 4777 qratiam
658 4714 687 4760 ιι
705 4705 822 4760 irruerem
845 4705 930 4775 hupe-
980 4702 1128 4772 relegatum
1143 4701 1234 4759 luisse.
1246 4703 1323 4771 Qarod
1337 4703 1359 4758 si
1369 4717 1463 4758 uerum
1476 4711 1528 4766 ιιι,
1542 4702 1699 4774 imprudens
1708 4718 1783 4762 corut·

133 4788 259 4841 trarrurt,
286 4793 317 4834 ae
341 4775 438 4833 deinde
465 4773 607 4832 catinarlicis
632 4775 785 4846 episcopis,
813 4778 929 4831 maxime
980 4773 1214 4842 pilatoradrcrtet
1234 4775 1460 4846 quomodoscex
1476 4772 1528 4829 irrue
1561 4774 1658 4844 laqueo
1678 4785 1780 4831 exerat.

132 4865 200 4906 uero
214 4849 360 4906 Athanasio
374 4847 573 4916 Alexandrinae,
585 4847 726 4904 llustathio
741 4846 927 4913 Auumnuu,
980 4842 1022 4899 Ad
1036 4861 1135 4900 annum
1148 4844 1248 4900 Christi
1261 4845 1326 4913 550,
1340 4859 1453 4916 maguus
1462 4845 1592 4902 Ecclesiae
1603 4848 1743 4903 catholicas
1756 4855 1785 4902 ιι

132 4923 219 4981 Panlo
236 4919 538 4992 Constantinopolitanae
553 4919 691 4976 eecclesiae
705 4918 840 4990 episcopis
858 4917 930 4976 bello
981 4924 1137 4972 sanctinum
1153 4919 1299 4987 presulum
1315 4928 1459 4988 patronus,
1477 4918 1605 4977 terribilis
1618 4920 1782 4975 Asianorum
1802 4920 1804 4924 ’

132 4993 304 5052 atrocissimo
319 4991 429 5059 indicto,
443 4999 554 5047 crueuta
569 4991 621 5048 tela
636 4998 663 5046 et
674 4989 762 5061 iaerda
777 4991 803 5046 in
818 5004 866 5045 eos
880 4991 928 5046 im·
981 4987 1083 5053 hostis,
1109 4988 1234 5058 princeps
1257 4989 1438 5060 irrtegeuimae
1460 4987 1539 5056 ddei,
1558 4989 1725 5047 credentium
1745 5006 1781 5047 eu

132 5068 254 5133 mittunt,
276 5062 424 5121 calumnias
443 5075 529 5118 iteras
547 5061 797 5130 comerriniseuntur,
820 5062 931 5118 habitis·
982 5059 1094 5117 Oriente
1106 5058 1294 5130 episcoporum
1310 5056 1420 5128 uindex,
1434 5059 1568 5116 Constnus
1581 5059 1783 5133 irnperatorOc-

132 5153 187 5210 que
201 5138 317 5206 desuper
330 5135 532 5207 malignantium
546 5133 755 5200 conventiculis,
772 5134 930 5200 innoeentes
982 5131 1097 5188 sidentis
1111 5132 1253 5202 imperium
1269 5131 1391 5198 tenebat,
1414 5147 1467 5186 nou
1488 5133 1567 5190 rideo
1585 5149 1638 5206 qua
1658 5134 1781 5202 rarione,

133 5209 278 5280 episeopus
292 5207 484 5265 condemnatos
498 5204 608 5262 sedibus
622 5204 679 5261 suis
693 5205 883 5273 esturbarunt,
898 5221 930 5263 ae
941 5199 969 5261 D
982 5203 1035 5261 boe
1047 5201 1192 5260 defensore
1204 5203 1293 5259 adhuc
1306 5205 1461 5273 superstite.
1476 5204 1564 5262 lulius
1578 5203 1700 5275 puruiler
1712 5205 1783 5261 rele-

132 5279 295 5337 taudcmvel
308 5279 389 5337 exilio
403 5278 445 5336 rel
462 5285 548 5335 morte
563 5277 712 5334 truculenta
727 5277 929 5334 eosdemiutar·
981 5277 1040 5346 gari
1062 5275 1190 5344 potuerit.
1216 5274 1280 5331 Post
1300 5274 1419 5332 occisum
1439 5277 1615 5332 constantem
1635 5277 1783 5348 imperato·

133 5360 276 5419 emerunt,
295 5360 341 5420 et,
365 5351 436 5420 ‹qarod
457 5348 631 5406 hedissiruum
655 5358 714 5416 est,
733 5347 849 5404 dicaam
869 5346 930 5405 fidei
981 5361 1055 5411 rem,
1071 5345 1238 5418 Magnentius
1253 5358 1382 5420 tyrannus
1394 5345 1608 5403 cumlirbctoto
1622 5347 1785 5404 occidentali

134 5424 304 5496 symbulum,
327 5419 556 5478 Conarrbstuutinlia
579 5420 687 5476 arimino
710 5429 852 5492 expuncto,
874 5435 930 5474 ma·
981 5419 1096 5489 imperio
1112 5418 1329 5488 potiebatur3uel
1345 5419 1426 5491 iqitnr
1438 5427 1549 5474 auctore
1563 5418 1715 5490 llagneutio
1734 5417 1783 5476 lu·

134 5494 225 5551 litiose
240 5493 376 5549 vitiarunt.
400 5494 439 5550 Ad
462 5492 531 5548 hune
552 5493 679 5564 iujuriam
701 5507 716 5547 a
737 5493 825 5563 eapite
846 5491 929 5548 divini
980 5492 1049 5549 liurn
1063 5492 1210 5561 relegatum
1224 5489 1309 5547 luisse
1320 5490 1455 5560 oportuit,
1470 5489 1542 5561 quod
1558 5505 1639 5547 rreruo
1654 5492 1784 5548 haetenus

134 5566 406 5636 neminisetsponse
424 5565 494 5621 iliius
509 5564 639 5621 Ecclesiae
652 5563 869 5634 propulsandam,
883 5562 929 5620 lu·
981 5564 1125 5634 scripsisse
1144 5553 1262 5634 legitur3
1291 5562 1334 5619 uel
1355 5561 1558 5620 eoncedendum
1589 5571 1632 5619 est
1657 5563 1783 5620 eurrtdenr

134 5638 186 5696 lius
202 5637 320 5709 potitiietr
333 5651 364 5694 se
378 5637 458 5693 telem
473 5635 608 5702 eahibuit,
635 5647 663 5690 ut
675 5637 763 5691 omnis
786 5637 844 5704 ejus
864 5649 930 5706 pon-
980 5635 1133 5693 Constantii
1149 5635 1264 5706 imperio
1279 5649 1446 5706 nequaquam
1469 5634 1503 5688 ab
1525 5632 1596 5692 Urbe
1614 5645 1784 5705 extractum,

134 5712 230 5766 licams
245 5711 272 5766 in
288 5709 340 5766 lide
352 5707 459 5766 Nicena
476 5707 585 5774 tuenda,
598 5715 626 5764 ιι
633 5707 771 5762 catireiicis
784 5707 929 5779 episeopis,
981 5708 1008 5764 in
1029 5706 1152 5779 regiones
1171 5714 1277 5764 exteras
1295 5704 1467 5765 amandatum
1482 5704 1783 5776 thesaurariorum,
1860 5763 1866 5768 .

134 5782 254 5842 manime
268 5791 358 5841 autern
373 5779 531 5852 Athanasio,
548 5778 742 5849 detondendis,
753 5787 930 5853 consumptus
981 5794 1055 5840 armo
1068 5777 1132 5850 ιιι,
1148 5794 1224 5838 nuru.
1239 5778 1297 5839 ιιι
1310 5778 1339 5837 ὅ.
