3975 6292
132 4132 139 4148 ’
242 4154 382 4222 κρείττων,
397 4151 512 4221 Χριστοῦ
529 4148 661 4221 μυστήρια
678 4143 931 4211 κατ’ἀξίανεὶπτῑν.
950 4149 998 4205 τὴν
1015 4164 1044 4199 rr
1096 4139 1176 4197 cendi
1191 4140 1245 4199 tim
1269 4152 1396 4213 superet,
1418 4142 1520 4203 Christi
1545 4153 1677 4223 mysteria
1702 4166 1749 4222 pro
1769 4148 1877 4219 dignitate

250 196 306 260 osu
919 192 1275 258 consonurrnrunonr
1821 212 1862 271 aa

250 310 482 389 δεσπότονπατίρα
490 310 566 377 Θιόν,
579 305 697 369 ἷλεοιάαί
707 308 806 384 οὐρανοί.
820 311 929 374 τούτους
943 332 1050 389 τοιγαρ·
1063 328 1091 389 Α
1103 312 1197 368 sintae:
1219 312 1271 368 hoe
1282 319 1323 369 est
1342 321 1371 375 ut
1386 318 1449 380 tuae,
1465 312 1504 371 sie
1518 313 1633 375 illerum.
1651 314 1705 402 iloe
1719 320 1781 381 enlm
1798 328 1863 386 ῃγοοίο

250 414 294 464 οῦν
317 406 405 468 ἐπειδὴ
423 413 550 470 τοσοῦτος
567 401 604 475 οἵ,
620 411 662 464 σοί
676 409 861 484 παρατίθεμαι,
880 409 940 467 τοὺς
953 408 1050 469 αὐτοὺς
1102 418 1237 460 sururnuru
1251 404 1371 461 emulum
1386 407 1526 464 [lominum
1537 423 1569 463 ae
1580 419 1708 480 parentem
1721 414 1803 484 iteum,
1815 435 1865 489 pro·

249 504 369 569 retroue,
383 498 423 561 ὅτι
436 507 479 560 καί
496 503 617 579 οάσοάιίορ
628 504 752 575 ἐπίτομος
768 498 807 568 ri,
821 502 970 577 ίγχοιρίζιν·
989 502 1052 558 τού·
1103 498 1199 567 pilium
1209 512 1241 554 ac
1253 499 1386 569 placatum
1399 498 1540 567 babituros
1554 515 1593 557 es.
1609 502 1662 559 llos
1673 505 1764 577 itaque,
1777 510 1865 579 quando

248 618 311 659 τους
321 597 411 671 ἀγάπα
428 594 558 673 ἁρμοδίως
575 600 623 657 ris
640 600 753 652 σεαυτοῦ
772 593 968 669 φιλανθρωπίας.
980 594 1051 667 αὐτῷ
1102 589 1211 661 quidem
1239 591 1300 647 talia
1327 600 1470 663 mutusque
1496 606 1545 661 eb,
1573 594 1627 651 tibi·
1644 598 1798 655 cambiendo.
1823 601 1865 659 llos

248 709 276 745 το
293 690 343 767 γάρ
362 691 406 748 καί
426 690 484 763 ipio
497 690 688 768 ἀπιρίγραπτον
710 685 802 748 δώσεις
816 684 859 743 διά
878 688 1051 748 τάςπίστοως
1103 684 1323 757 quandoquidem
1344 686 1443 756 pietate
1454 686 1577 753 excellis,
1591 687 1636 743 tibi
1648 693 1672 743 tu
1686 705 1782 747 manum
1796 694 1864 751 trado.

247 784 295 840 τάν
310 782 401 859 χάριν.
1104 775 1159 835 llos
1173 793 1222 851 pro
1232 785 1276 835 tua
1292 776 1460 837 humanitate
1472 782 1659 853 complectere.
1671 781 1712 841 Sic
1723 787 1786 843 enim
1796 800 1819 843 et
1829 789 1866 846 tibi

247 873 299 947 ipsi
312 873 450 942 etnobia,
471 872 524 931 bae
547 882 591 931 tua
614 872 667 932 sude
685 873 847 931 immensum
872 871 1034 930 benotetum
1049 872 1200 943 praestabis.

414 1011 545 1071 Mearm
563 1012 609 1069 bu
626 1009 788 1070 btrrtims
804 1004 1219 1151 ΑΜΈΒΕΙΒΙΟἛΝΒΤΑΝΤἯ
1237 1006 1281 1163 ίρὝ
1300 1006 1422 1066 saecri
1435 1008 1575 1068 latomi
1593 970 1749 1071 dublelli.

896 1100 937 1163 (S.
948 1101 980 1150 Δί
988 1111 1007 1149 t.
1042 1112 1083 1163 pp.
1093 1103 1111 1148 t.
1123 1112 1142 1159 ι,
1153 1110 1175 1148 e.
1220 1100 1243 1151 5.

283 1215 393 1298 'mdccc
405 1217 433 1279 et
446 1220 580 1299 οιαίρίχρι
591 1218 716 1294 βασιλίσιν
728 1220 744 1280 i
759 1220 819 1297 πορί
831 1216 962 1276 Ἀντωνίου
972 1219 1051 1291 γαμή.
1140 1208 1226 1267 Porro
1239 1210 1350 1268 tritonii
1364 1210 1433 1267 loma
1447 1212 1481 1270 ad
1504 1214 1679 1287 imperatores
1699 1234 1777 1291 usque
1794 1236 1868 1291 pene-

246 1323 330 1375 οοῡοοο
349 1317 399 1394 ,γὰρ
413 1315 537 1389 panim
556 1322 743 1376 reseraremus
758 1313 772 1370 ο
785 1312 948 1389 οῦοοοοοοο,
963 1318 1008 1370 ma
1028 1312 1053 1369 οε
1104 1300 1154 1356 nit.
1171 1301 1234 1358 lloee
1249 1303 1322 1359 enim
1337 1319 1398 1359 eum
1423 1306 1561 1363 didicisset
1582 1308 1765 1367 Corrstantinus
1785 1312 1869 1384 Augus·

245 1409 298 1465 olet
309 1410 388 1466 abeas
402 1409 626 1470 ,οοοοοοοοοςοοογ
636 1409 754 1471 ,mc
764 1407 789 1463 ei
801 1405 957 1484 adponeret,
973 1406 1052 1485 ροοο.
1104 1405 1162 1466 tus,
1178 1397 1298 1471 itemque
1314 1398 1361 1454 litii
1377 1400 1436 1470 ejus
1449 1398 1623 1461 Constantius
1642 1415 1669 1460 et
1690 1403 1809 1462 Constans
1828 1406 1870 1463 lu

245 1520 291 1574 ρον
303 1501 374 1575 αὐτῷ
387 1502 422 1563 de
437 1504 535 1579 necet.
550 1504 593 1556 aei
614 1496 729 1573 οὗχοοαο
751 1500 888 1572 lapidans
910 1502 1051 1577 ἀντίγραφα
1102 1491 1189 1564 gusti,
1206 1492 1245 1547 illi
1273 1503 1398 1564 tauquam
1423 1494 1492 1565 patri
1515 1496 1662 1569 scripsere,
1682 1496 1778 1555 litteras
1796 1509 1870 1555 mutuo

245 1593 308 1672 παρ’
319 1595 409 1650 abab.
424 1593 479 1649 ἀλλ’
494 1590 553 1651 circ
573 1595 606 1650 οᾰ
626 1594 769 1671 γράμματος
786 1596 847 1670 οορὶ
867 1593 961 1650 nomed
982 1614 1050 1655 οοοοο
1103 1584 1138 1639 ab
1150 1584 1197 1640 illo
1210 1583 1334 1657 accipere
1349 1595 1532 1657 peroptantes.
1548 1591 1583 1644 lt
1604 1590 1649 1647 ille
1663 1606 1815 1663 nequaquam
1828 1607 1871 1647 ma·

245 1688 374 1753 inantea,
387 1683 448 1745 eder
468 1688 511 1745 tut
528 1695 587 1749 cair
606 1688 752 1751 ιοοοοοοοῑο
767 1689 886 1763 amaea,
902 1687 916 1745 a
930 1688 1005 1750 ariete
1023 1684 1050 1743 aa
1104 1678 1149 1749 gni
1164 1679 1279 1736 faciebat
1290 1694 1338 1737 eas
1364 1680 1487 1751 litteras,
1508 1697 1558 1741 nec
1578 1684 1620 1740 bis
1642 1687 1755 1757 acceptis
1773 1687 1871 1757 epistolis

244 1777 287 1849 ἦν,
300 1776 353 1843 οἶος
365 1783 407 1837 mi
419 1780 470 1858 πρὸ
483 1787 531 1840 τοῦ
544 1790 648 1859 ppapeo
660 1784 730 1853 atra
742 1784 803 1843 τοὺς
820 1781 954 1855 βοοαοος·
969 1779 1010 1839 0¹2.
1024 1780 1051 1838 aa
1067 1772 1212 1886 Bquarisus
1227 1782 1287 1829 est:
1309 1774 1356 1831 sed
1371 1774 1432 1829 tolia
1452 1788 1512 1831 erat
1528 1778 1617 1849 qualis
1630 1785 1692 1834 ante
1709 1778 1813 1849 scriptas
1823 1778 1871 1834 illas

245 1871 374 1949 imperem
387 1875 456 1946 mire
469 1875 670 1953 οοὶρρςομμοοο,
684 1874 765 1931 meur
776 1875 838 1937 οοὺο
850 1877 996 1948 peraperte,
1010 1877 1051 1931 aot
1104 1865 1138 1922 ab
1151 1864 1369 1936 imperatoribus.
1383 1866 1451 1923 curn
1465 1866 1637 1926 deterrentur
1647 1878 1733 1926 antem
1746 1870 1871 1942 trojusnodi

243 1962 328 2041 ditat·
343 1968 547 2041 uttaoptrm,
560 1972 583 2024 cl
593 1968 682 2048 γρὰρτι
695 1968 816 2041 βασιλεὺς
830 1967 896 2047 πρὸς
913 1969 993 2041 ἡμᾶς,
1007 1964 1051 2023 ἄν·
1102 1959 1216 2028 iliterae,
1230 1960 1325 2017 accitis
1340 1960 1498 2030 monachia,
1522 1964 1614 2021 :tiebat
1640 1963 1702 2023 :iia
1723 1964 1839 2022 miremini
1854 1964 1872 2020 ai

244 2060 347 2139 ἀρωπος
358 2062 408 2140 γάρ
420 2062 504 2118 ἐστιν·
520 2061 584 2118 ἀλλά
596 2061 692 2136 μάλλον
705 2062 848 2135 deoperire
862 2060 901 2119 in
915 2064 928 2118 e
941 2063 997 2125 θοὸς
1007 2063 1051 2120 rio
1102 2052 1135 2108 ad
1155 2067 1206 2109 nos
1219 2054 1320 2110 scribat
1334 2054 1491 2125 imperator,
1512 2057 1595 2114 bomo
1615 2072 1675 2115 eum
1689 2058 1738 2126 sit;
1753 2058 1795 2115 sed
1805 2058 1872 2114 mira·

243 2155 326 2229 νίρονζ
338 2156 482 2233 ἀνθρώποις
496 2152 602 2232 ίγραψο,
619 2158 661 2212 καί
682 2153 724 2211 διά
743 2162 790 2211 τοῦ
812 2152 876 2210 ι’δίοο
899 2153 956 2209 οίοῡ
978 2154 1050 2211 λιλά-
1102 2148 1168 2205 mini
1183 2148 1274 2219 potius
1288 2148 1360 2221 quod
1383 2147 1469 2221 legem
1484 2149 1638 2208 bominibus
1660 2153 1789 2224 scripserit
1800 2152 1872 2219 bers,

243 2246 316 2309 λαντον
325 2250 393 2322 ἡμῖν.
411 2246 529 2305 tecture
541 2250 588 2321 piu
599 2243 644 2303 eim
657 2253 693 2321 μά
704 2244 829 2319 δέχεσθαι
840 2248 886 2308 τὰς
900 2247 1048 2315 ἀποστολὰς,
1101 2250 1129 2299 el
1143 2256 1192 2313 per
1213 2244 1352 2315 preprium
1374 2244 1489 2314 Filium,
1512 2247 1651 2305 nobiscnm
1674 2248 1774 2305 loqutus
1792 2248 1830 2303 sir,
1846 2247 1873 2302 Ἐι

242 2340 334 2417 λέγων,
349 2338 493 2399 ονάτίδίναι
505 2341 571 2417 πρὸς
582 2341 615 2397 τά
627 2346 735 2398 τοιαῦτα
749 2340 923 2417 ἀπογράφειν·
937 2360 1051 2418 προτρα-
1101 2352 1166 2393 rere
1181 2336 1291 2394 nolebat
1305 2338 1409 2395 litteras
1432 2340 1491 2396 ilias
1506 2342 1648 2413 occipere,
1664 2342 1757 2411 aiens,
1779 2356 1805 2397 se
1826 2355 1874 2396 nes·

242 2434 341 2499 misdi
356 2437 429 2515 παρὰ
449 2444 500 2493 τῶν
515 2442 650 2510 μοναχῶν,
664 2432 865 2514 &explerent
883 2440 947 2492 rictu
967 2437 991 2492 oi
1004 2436 1050 2509 βα-
1101 2430 1157 2487 eire
1184 2430 1318 2501 ejusmodi
1342 2431 1442 2489 litteris
1468 2434 1627 2492 rescribere.
1652 2434 1704 2492 Sed
1727 2434 1870 2491 trorunrbus

241 2529 332 2596 σολοῑς,
348 2531 392 2584 καί
402 2528 444 2584 ἵνα
455 2534 491 2600 μή
504 2532 539 2591 τίς
553 2529 735 2606 προρῥιρίπις
749 2526 974 2597 moratorem,
991 2528 1050 2586 int·
1101 2523 1256 2591 monaebis,
1271 2522 1460 2596 aientibusque
1481 2524 1652 2584 Clrrlstianos
1673 2542 1733 2585 esse
1752 2528 1874 2600 imperato·

241 2642 335 2700 τροπον
346 2621 582 2694 ’,ἀναγινώσκεσθαι
604 2625 648 2677 ναί
668 2622 837 2699 ἀντίγραρον,
853 2618 1050 2694 ἀποάιχίμινος
1091 2628 1164 2681 res.
1181 2615 1382 2688 periculumque
1394 2615 1451 2673 tore
1463 2632 1497 2674 oe
1509 2632 1540 2674 se
1554 2619 1591 2674 ita
1613 2620 1705 2693 sperni
1718 2619 1817 2692 indigue
1833 2617 1875 2674 ter·

242 2716 288 2788 μίν
302 2716 406 2783 αὐτοὺς,
422 2712 462 2772 ὅτι
479 2714 524 2772 τὸν
536 2714 646 2791 Χριστὸν
663 2718 855 2792 προσκυνοῦσι,
877 2712 1049 2769 συνοίοάλιυο
1099 2718 1179 2773 rent,
1194 2708 1330 2765 eorrcesslt
1340 2717 1369 2764 ut
1382 2723 1421 2766 en
1437 2710 1593 2783 legerentur
1616 2730 1623 2769 ο
1648 2726 1727 2785 atque
1741 2711 1875 2783 rescripsit,

149 2859 151 2863 ,
243 2797 270 2867 di
283 2811 316 2866 τά
328 2814 364 2873 οίς
378 2810 517 2889 σωτηρίαν·
532 2812 575 2865 ναί
585 2809 733 2883 μάρογάλα
747 2810 862 2883 ἡγιῐαίαο
874 2808 1048 2888 receptura,
1086 2799 1302 2875 ‚laudanslpsos
1324 2803 1396 2875 quod
1418 2802 1556 2861 Christum
1580 2804 1744 2875 adorarent,
1765 2806 1875 2876 dabatque

241 2904 306 2961 ἀλλά
327 2905 420 2975 μᾶλλον
447 2891 611 2980 ρνοροντάοιν
636 2911 682 2966 τῆς
706 2903 848 2975 μελλούσης
874 2903 982 2980 κρίσιος
1006 2903 1049 2957 καί
1101 2894 1201 2949 mnnita
1220 2894 1340 2951 salutem
1356 2897 1506 2966 spectantia
1524 2915 1530 2951 :
1546 2900 1676 2956 mouebat
1697 2899 1757 2956 item
1771 2914 1802 2955 ne
1820 2910 1875 2967 pre·

243 2997 400 3072 οὶδίναο,ῐ,ο’τι
412 2998 425 3056 ἀ
439 3000 549 3079 Χριστὸς
564 3000 639 3074 μόνος
652 3000 745 3061 ἀλαθής
759 3002 802 3055 ααί
815 2998 915 3060 albode
928 2999 984 3055 tm
998 2996 1049 3071 βα-
1100 2986 1186 3073 sentia
1200 2986 1289 3058 magni
1305 2986 1446 3055 lacerent;
1462 2988 1510 3045 sed
1524 2991 1616 3061 potius
1637 2991 1692 3048 diei
1702 2990 1788 3063 judicii
1801 3002 1876 3045 remr-

242 3092 340 3159 σιλιύτ,
354 3093 546 3171 φιλανθρώπους
557 3114 585 3150 το
598 3094 693 3155 αὐτοὺς
712 3087 777 3150 οἷναι
792 3094 876 3159 ἀξίου,
891 3093 1049 3168 seipsum-
1100 3078 1241 3148 darentur,
1265 3079 1421 3152 scirentque
1443 3080 1584 3139 Christum
1608 3085 1697 3141 solum
1720 3092 1747 3139 et
1767 3092 1875 3139 :eternum

241 3186 295 3251 ρο,
314 3190 362 3241 ρος,
376 3184 473 3241 pm„
498 3188 540 3242 ,ογ
558 3193 609 3243 eei
632 3192 759 3258 οοοχῶο,
779 3187 888 3260 wirot
910 3181 1083 3287 δοχομοοοοῦ
1099 3186 1162 3229 esse
1181 3171 1383 3244 imperatorem.
1409 3173 1549 3246 lingebat,
1578 3185 1609 3233 ut
1629 3174 1783 3233 bunranitatl
1803 3171 1877 3230 stride·

242 3271 360 3354 ‘'2th
381 3275 464 3337 οὗτος
482 3278 554 3353 ms
574 3281 655 3334 οοῑοοο
666 3274 871 3354 ἦοιοοοοοολοο,
892 3277 934 3332 ret
952 3275 1047 3339 nance
1099 3274 1173 3334 rent,
1190 3279 1222 3321 ac
1235 3279 1327 3321 curram
1337 3264 1448 3337 justitie
1464 3280 1668 3342 pauperumque
1680 3275 1807 3341 gererent.
1825 3261 1876 3333 uui·

241 3363 315 3441 ipro
329 3369 406 3426 atrio
417 3370 503 3435 ρξγοοο
516 3370 629 3447 ποτέρα,
1100 3357 1150 3413 bus
1165 3357 1205 3414 illi
1218 3357 1353 3429 acceptis,
1366 3359 1539 3420 latabantur.
1554 3361 1602 3419 Sic
1626 3372 1752 3434 acceptus
1771 3356 1877 3417 omnibus

1101 3466 1233 3524 carusque
1247 3451 1314 3523 luit,
1330 3468 1446 3526 eumque
1460 3469 1555 3515 omnes
1567 3467 1676 3532 patrem
1698 3456 1748 3516 sibi
1771 3468 1825 3513 esse
1842 3463 1877 3507 ru

695 3635 862 3697 semrom
881 3635 916 3695 ru
934 3546 1226 3697 consanniidiio
1246 3638 1432 3699 ousacruu.

871 3734 940 3803 (Εατ.
958 3734 1008 3789 rtt.
1024 3736 1105 3791 donat.
1117 3739 1136 3790 t.
1147 3752 1180 3791 rr.
1192 3750 1215 3791 ο.
1226 3740 1278 3804 55.)

742 3817 879 3886 Imperator
890 3821 990 3873 Eusebli
1009 3824 1146 3875 orationem
1156 3824 1190 3875 de
1200 3822 1294 3876 Pascha
1304 3823 1396 3878 laudat.

277 3908 385 3970 ίίιαοτάς
402 3885 589 3969 ιονντταντίνος
602 3904 729 3981 Μάγιστος
740 3906 868 3969 Σιίαστάτ
880 3906 1005 3980 Εάσιάίῳ.
1134 3908 1223 3965 Victor
1238 3910 1420 3969 Constantinus
1432 3908 1561 3972 Moriatur
1575 3916 1717 3993 disputetur,
1731 3916 1839 3977 Eusebio.

276 4048 311 4105 τά
323 4049 527 4124 ρίνίγχιίρορα
537 4048 712 4123 ρίγιστονααί
725 4046 1044 4122 πάσοτλίγιινάονάμοως
1130 4044 1252 4103 λτιλιιιιτο
1266 4060 1336 4119 opus
1358 4049 1479 4121 prolecto
1493 4059 1553 4122 est,
1579 4062 1608 4111 et
1628 4028 1702 4129 quod
1723 4070 1823 4119 omnem
1843 4048 1878 4107 dl·

207 4286 209 4288 .
241 4243 290 4295 οοῡ
305 4237 402 4309 Πάσχα
419 4237 563 4310 ἀντιλογίαν
582 4237 666 4291 τοιαί
687 4236 801 4309 γίνοσιν,
820 4236 940 4297 λυσιτελῆ
958 4257 986 4293 τι
1002 4240 1046 4294 καί
1097 4232 1251 4303 explicare,
1276 4242 1304 4290 et
1325 4238 1540 4293 controuersiam
1571 4241 1606 4298 de
1641 4242 1878 4314 pessimamque

240 4331 361 4388 ἐπίπονον
374 4330 576 4407 ττλοσιοοργίαν,
592 4328 747 4403 apportem
758 4330 802 4387 τὸν
815 4333 978 4407 προσήκοντα
988 4329 1045 4408 epi
1098 4326 1245 4399 originem,
1260 4334 1289 4382 el
1302 4327 1409 4401 plenam
1426 4330 1527 4388 laberis
1540 4342 1623 4406 atque
1637 4337 1759 4399 utilitatis
1770 4346 1877 4391 westm-

241 4440 300 4481 που·
315 4426 409 4502 τὸγὰρ
421 4428 495 4490 θεῖον,
511 4422 654 4495 ἀνθρώποις
667 4419 791 4478 ἀδύνατον
801 4424 921 4489 aaudiat
935 4424 1043 4498 ρρὰσαο,
1098 4420 1245 4477 mationem
1260 4420 1389 4480 decenter
1403 4440 1551 4499 exponere.
1575 4429 1645 4487 Nam
1668 4447 1713 4489 res
1737 4431 1833 4488 diuinas
1852 4440 1879 4483 tte

241 4517 283 4572 νοιί
295 4524 353 4579 τοῖς
366 4525 455 4577 νοῆσαι
467 4514 597 4577 δυνατοῖς.
617 4514 682 4574 πλὴν
702 4510 771 4587 ὅμως
792 4514 991 4591 ὑπερθαυμάσας
1013 4536 1043 4571 σο
1098 4515 1150 4585 ipsi
1163 4515 1273 4587 quidem
1289 4532 1337 4590 pro
1351 4521 1448 4577 merito
1462 4537 1591 4581 enarrare
1612 4526 1768 4594 sufficiunt,
1783 4523 1823 4597 qui
1841 4532 1878 4577 eas

241 4614 288 4669 mr
306 4607 466 4681 φιλομαθείας
478 4628 507 4665 τε
527 4608 571 4664 καὶ
588 4606 743 4680 οιλοτομίοιτ,
762 4606 840 4667 αὐτός
854 4627 882 4663 το
903 4608 933 4662 τὸ
947 4607 1044 4679 βιάλίον
1059 4646 1084 4707 D
1097 4613 1262 4683 cogitatione
1289 4616 1396 4687 assequi
1425 4619 1528 4677 ualent.
1559 4620 1752 4683 Verumtamen
1772 4621 1877 4681 eximiam

240 4697 348 4771 mayaco
360 4700 486 4773 daphea
498 4701 542 4755 nat
553 4705 609 4761 τοῖς
621 4698 734 4755 πλείοσιν
744 4698 797 4773 οίγν
811 4705 850 4774 πρ
862 4700 924 4776 πιρί
935 4699 965 4755 τὸ
976 4702 1043 4756 trior
1097 4716 1171 4763 tuam
1185 4707 1335 4766 doctrinam
1350 4720 1379 4769 et
1390 4712 1472 4770 studii
1486 4718 1689 4777 contentionem
1710 4718 1827 4791 equidem
1839 4729 1877 4770 su·

240 4788 348 4867 λατρεία
356 4793 684 4874 γνασίωςπροσανίχουσι,
697 4792 1044 4856 ααάάίάουλήθοτάοδοίάναι
1096 4814 1146 4872 pra
1170 4800 1279 4857 modum
1303 4803 1451 4862 admiratus
1472 4822 1546 4875 snm;
1573 4810 1682 4883 legique
1703 4812 1796 4869 librum
1818 4819 1878 4864 tuom

240 4882 401 4957 προσίταξα.
411 4893 526 4962 συνορῶν
534 4889 617 4943 τοίνυν
627 4884 681 4959 μεθ’
689 4882 751 4949 ὅσος
761 4884 886 4960 θυμηδίας
893 4887 926 4944 τά
934 4893 1044 4945 τοιαῦτα
1096 4892 1263 4965 perlibenter
1274 4910 1281 4960 ;
1292 4904 1374 4966 utque
1388 4895 1415 4951 in
1430 4897 1576 4956 nrultorum
1589 4904 1637 4974 qni
1650 4904 1749 4961 divine
1760 4897 1878 4972 religionis

241 4980 317 5053 παρά
328 4986 375 5042 ric
393 4986 442 5042 σίτ
453 4979 589 5053 ἀγχινοίας
602 4979 674 5056 δῶρα
691 4981 868 5057 lapidique,
886 4984 1043 5056 συνοχοστί-
1096 4986 1295 5044 observantiam
1310 4987 1417 5046 sineere
1431 4992 1601 5065 profitentur,
1615 5012 1716 5053 manus
1729 5012 1761 5053 ac
1772 4993 1877 5053 notitiam

241 5094 297 5151 ροις
315 5075 384 5148 ἡμᾶς
404 5072 488 5149 λόγοις
509 5074 661 5150 tippulae,
683 5070 719 5135 οἶς
741 5076 928 5152 ἀνατετράφθαι
945 5078 1043 5134 σαντάν
1097 5080 1270 5151 perveniret,
1301 5084 1530 5153 quemadmodum
1562 5095 1726 5160 optaveras,
1757 5082 1876 5144 mandati·

954 5166 1090 5228 tanasii
1107 5168 1224 5227 NOTAE.
1767 5172 1769 5177 '

276 5270 329 5323 τοῦ
342 5265 442 5338 πάσχα
456 5263 609 5338 ἀντιλογίαν.
624 5260 803 5321 Scribeodum
817 5264 1041 5348 οεοαίτοολογίαν,
1094 5266 1187 5322 raculo
1201 5268 1413 5328 rerumPaselra
1427 5271 1730 5337 Christianisinsrltuit.
1829 5268 1833 5276 '

241 5337 468 5411 quemadmodum
494 5336 574 5391 etiam
589 5335 616 5390 iu
632 5334 702 5390 libro
719 5334 811 5391 tloraei
835 5334 868 5391 ed
894 5351 1042 5408 nrarqtnern
1131 5338 1222 5412 Λάγοις
1236 5341 1383 5419 τάρροιίντιν.
1400 5344 1463 5401 Post
1473 5347 1521 5403 bas
1531 5364 1611 5405 noces
1625 5351 1653 5406 in
1663 5352 1756 5411 codice
1769 5346 1845 5421 Regio
1855 5352 1877 5403 et

242 5408 415 5466 emendatum
429 5408 532 5475 inueni,
547 5405 792 5477 quodeonlrrmant
805 5408 956 5475 sequeutia.
971 5407 1044 5463 Sub·
1097 5408 1124 5465 in
1150 5410 1270 5468 editione
1291 5414 1359 5471 ltub.
1384 5413 1513 5487 Stephani
1539 5434 1690 5493 sequuntur
1718 5426 1773 5480 laum
1786 5422 1876 5479 verbu:

241 5481 284 5538 dit
296 5480 389 5537 euim:
403 5482 452 5536 rai
463 5480 579 5551 γένεσιν,
594 5477 713 5537 λυσιτελῆ
731 5499 759 5534 τε
779 5480 822 5534 καί
839 5479 957 5536 ἐπίπονον
976 5479 1046 5537 τελε·
1096 5478 1143 5556 κᾷν
1163 5483 1387 5556 repeteremus
1406 5489 1487 5548 καλῶν
1508 5490 1603 5570 ἔργων,
1617 5502 1673 5551 ete.
1691 5494 1743 5553 Sed
1763 5492 1874 5563 Scaiit‘lr

244 5554 388 5631 σιουργίοον.
413 5550 494 5609 Certe
507 5551 606 5625 γίνοσος
618 5549 653 5606 de
671 5549 775 5619 origine
796 5551 987 5606 mortonensis
1005 5550 1046 5605 di·
1098 5552 1282 5625 berengaudus,
1298 5556 1397 5630 aliique
1417 5557 1488 5618 lruoe
1510 5566 1597 5621 locum
1621 5566 1716 5624 neseio
1740 5583 1772 5625 er
1795 5566 1876 5635 qulbus

244 5624 346 5681 cirron
360 5632 459 5695 potest.
479 5622 577 5679 llelius
597 5622 688 5692 ltaque
708 5622 805 5695 γίνοσον
827 5628 918 5676 vertas
941 5622 1045 5677 institu-
1098 5623 1238 5681 codicibus
1263 5630 1464 5700 suppleverunt.
1486 5634 1560 5691 idem
1587 5651 1696 5710 quoque
1720 5638 1875 5709 supplemen-

236 5694 350 5749 tionem.
375 5696 558 5771 ττλισιονργία
587 5707 652 5749 uero
683 5699 726 5748 est
756 5694 954 5748 consummatio
985 5692 1046 5750 testi
1100 5703 1156 5751 tum
1170 5699 1197 5751 in
1212 5696 1281 5756 ruk.
1305 5711 1333 5755 et
1357 5702 1448 5760 blorai
1471 5705 1662 5781 libroreperi,
1679 5703 1874 5781 etquideruali·

244 5763 627 5835 Pascbalieacbristolacta,
642 5766 759 5837 quisue
772 5762 980 5822 resurrectionis
993 5763 1046 5823 mi·
1098 5777 1200 5841 quantu
1224 5771 1392 5832 emendatius
1418 5790 1498 5849 quam
1530 5780 1558 5837 in
1590 5778 1710 5841 editiore
1731 5774 1873 5842 Geaereosi

1850 252 1863 271 d

1907 1162 1909 1172 .
