3975 6292
108 209 167 266 6ιῖ
489 212 732 273 nsdedtnidds
743 204 937 273 llnxllltdttd
953 216 996 273 tt
1011 218 1251 279 coustitttmo
1265 219 1398 281 didius.
1714 231 1767 289 tis

106 324 172 383 istis
188 325 295 398 quidem
311 328 431 399 partibus
444 372 451 396 ,
466 320 520 387 nou
536 334 620 390 caruit
636 334 749 406 pristina
764 335 893 393 firmitate
906 354 913 393 ι
928 347 953 406 Α
966 354 1020 395 nou
1045 341 1128 395 utitur
1149 340 1213 407 illa,
1237 356 1317 413 quarn
1336 341 1525 415 degustaverat
1539 344 1693 417 uoluptate,
1709 357 1768 407 tan-

107 410 149 475 tbi
163 434 228 478 tero
249 436 319 493 pene
333 423 453 480 lutiditus
467 428 568 483 corruit
579 469 586 495 ,
599 429 670 486 unde
686 439 724 500 ιι,
740 414 911 501 llarimiane,
964 442 1075 507 tumque
1089 435 1249 507 ¹reipublicae
1264 450 1332 493 onus
1344 438 1455 510 suscipit
1467 446 1527 508 post
1545 439 1674 510 quietem.
1689 440 1768 499 Faci-

106 511 289 573 discesseras.
298 515 375 576 Adeo
386 518 442 576 illio
453 520 599 593 plurimum
614 524 746 584 babuerat
757 528 912 587 stabilitatis
964 510 1016 585 lius
1037 527 1126 585 luerat
1140 529 1242 603 jugiter
1264 530 1413 602 imperasse
1429 549 1436 586 :
1452 533 1575 605 maratis
1597 535 1670 591 enim
1691 550 1767 608 mag·

105 617 227 677 asserta,
253 609 299 667 ubi
314 612 421 669 deserta
447 615 569 672 maxime
594 616 817 689 vacillarit,nou
831 620 913 679 aliter
965 638 1030 680 num
1057 623 1177 682 laborem
1205 626 1372 683 consuetudo
1399 640 1453 685 tton
1480 628 1582 698 sentit,
1612 628 1768 689 intermisse

106 700 184 756 ertim
196 716 279 774 quam
299 703 370 760 solet
390 714 461 761 terra
480 707 589 785 uentis,
604 715 652 764 sut
664 708 741 781 aquis
754 710 847 767 subter
859 712 913 767 im·
964 716 1120 777 desiderant
1134 733 1217 777 notas
1228 719 1310 778 uires.

106 793 204 851 missis
222 794 370 854 intertulsa
393 799 435 855 sui
457 798 596 859 soliditate
617 811 731 873 nutare,
756 805 793 861 lta
815 814 913 861 cuneta
1001 810 1322 885 superimposuit
1342 814 1402 883 tibi,
1417 814 1565 887 imperator
1577 824 1689 889 aeterne,
1704 832 1769 891 pro·

105 885 199 958 ltalia,
214 896 295 961 atque
312 891 371 963 ipsa
389 891 475 949 lloma
496 893 628 952 subducta
643 904 755 967 repente
773 912 826 969 qua
850 912 913 957 sus·
964 904 1099 975 videntia,
1123 915 1222 978 quanta
1237 907 1416 975 auctoritate,
1432 919 1461 965 ut
1475 910 1594 967 subsidia
1613 912 1768 985 reipublicae

107 990 215 1038 tentata
234 982 323 1040 luerat
335 985 446 1042 dextera
462 997 517 1057 tua,
540 990 704 1045 contremuit
723 1005 756 1046 ac
769 1005 838 1062 perte
851 1006 915 1049 eon·
962 994 1080 1067 jacentia
1094 998 1229 1070 erigeres,
1249 1000 1401 1058 etauimata
1421 1017 1571 1074 recreares,
1595 1006 1698 1078 dilapsa
1713 1008 1770 1065 eol-

103 1075 192 1131 sedit.
208 1074 284 1145 Quod
294 1090 346 1149 ego
359 1080 458 1135 cursim
473 1089 600 1139 trarrseo:
616 1098 664 1139 cur
676 1085 748 1140 euim
762 1084 805 1141 vel
820 1100 913 1141 recor·
965 1089 1082 1161 ligeresi
1097 1089 1261 1147 mirabamur
1276 1102 1303 1149 ta
1317 1102 1375 1164 post
1391 1094 1534 1165 imperium
1546 1113 1608 1154 esse
1621 1100 1767 1169 privatum.

104 1166 351 1240 deminutivum,
365 1187 426 1229 curu
440 1174 580 1233 uideamus
593 1176 683 1232 omnia
698 1186 744 1233 tuo
758 1178 845 1234 reditu
871 1194 915 1235 re·
965 1182 1050 1240 llulto
1063 1186 1147 1257 magis
1163 1186 1260 1242 mirum
1281 1196 1323 1245 est
1345 1188 1487 1259 imperium
1502 1191 1574 1249 lerre
1597 1202 1658 1264 post
1670 1194 1767 1251 otium.

103 1266 207 1319 stitota
218 1263 231 1317 ι
244 1263 308 1322 lecit
323 1268 395 1324 enim
410 1268 495 1325 licum
510 1271 568 1342 ipsa
581 1286 631 1342 pro
645 1271 787 1342 majestate
797 1274 914 1331 nominis
964 1275 1046 1335 Solus
1064 1278 1126 1348 boc,
1148 1290 1177 1335 ut
1190 1280 1300 1351 dieitur,
1323 1282 1411 1354 potuit
1428 1284 1495 1341 deus
1516 1286 1581 1355 ille,
1608 1288 1686 1359 cujus
1705 1298 1768 1346 suut

103 1364 166 1430 sui,
181 1372 211 1420 ut
223 1365 388 1435 ostenderet,
404 1380 484 1436 posse
497 1381 527 1423 se
540 1367 621 1423 etiam
635 1365 846 1438 imperatoribus
860 1369 913 1426 im·
965 1372 1172 1443 quadrivium,
1188 1382 1216 1430 et
1231 1374 1363 1441 uidemus,
1381 1384 1410 1433 ut
1424 1375 1542 1435 habenas
1555 1380 1626 1437 tnale
1639 1381 1769 1448 creditas,

103 1472 220 1528 perare.
241 1459 360 1517 llbdurit
379 1461 516 1517 exereitus
531 1475 610 1526 suos,
635 1475 667 1516 ac
682 1459 728 1517 tibi
744 1462 870 1531 reddidit,
887 1471 915 1520 et
965 1474 994 1521 et
1013 1481 1121 1523 cursum
1136 1466 1217 1523 detio
1230 1476 1341 1525 rectore
1355 1469 1468 1528 turbatas
1482 1472 1685 1545 tranquillitatis
1699 1475 1769 1532 reri-

104 1564 176 1608 eum
190 1551 224 1607 atl
242 1552 377 1613 sedandos
397 1554 503 1610 animos
523 1554 712 1611 alletoritatem
728 1556 824 1627 privati
838 1558 913 1629 prin·
966 1572 1054 1631 peret,
1069 1577 1229 1636 rursumque
1241 1562 1381 1638 dirigeret.
1397 1566 1479 1639 Cujus
1493 1569 1582 1626 simile
1597 1577 1636 1635 tu,
1652 1570 1769 1643 impera-

105 1638 181 1721 elpis
204 1649 350 1719 attulisses,
375 1651 511 1725 supplices
535 1649 583 1707 tibi
607 1666 703 1708 rnanus
722 1651 847 1720 tendens,
871 1653 914 1710 rel
967 1664 1020 1725 tor,
1035 1656 1115 1714 etiam
1130 1658 1210 1717 laeile
1224 1659 1320 1717 iecisti.
1342 1660 1434 1733 Neque
1454 1662 1480 1719 id
1495 1662 1604 1732 mirum,
1620 1680 1681 1721 cum
1695 1665 1768 1721 enim

107 1743 205 1812 potius
217 1743 397 1814 queribunda,
410 1744 547 1799 clamauit.
933 1744 958 1807 B
970 1764 985 1805 a
999 1757 1025 1805 te
1037 1749 1150 1806 recessit
1162 1750 1318 1823 imperium,
1333 1761 1361 1809 et
1382 1754 1503 1825 priuatus
1523 1755 1586 1812 lieet
1599 1755 1652 1813 diei
1673 1756 1770 1827 velles,

150 1834 197 1891 Xl.
213 1835 358 1908 Quousque
376 1834 439 1903 boe,
455 1836 626 1905 llarimiane,
648 1837 746 1909 patiar,
766 1854 810 1895 mc
830 1839 916 1911 quati,
968 1840 1077 1899 inhaesit
1092 1842 1138 1901 tibi
1154 1843 1271 1916 ingenita
1286 1845 1424 1917 maiestas.
1448 1846 1548 1905 Omnes
1561 1849 1696 1907 exereitus
1710 1865 1772 1907 res-

108 1937 141 1985 te
156 1928 306 2000 quieseere,
323 1926 389 1984 mibi
404 1928 558 1985 libertatem
572 1928 665 1998 adimi,
683 1938 709 1986 te
724 1944 855 2000 usurpare
869 1930 917 1987 tibi
969 1936 1016 2005 tri,
1040 1950 1191 2009 omnesque
1213 1938 1360 2009 prouinciae
1382 1943 1552 2011 requiescere
1572 1953 1600 2000 te
1622 1952 1684 2015 post
1698 1954 1771 2002 muta

109 2017 236 2076 illicitam
256 2020 438 2077 missionem?
461 2022 503 2075 Αιι
523 2020 597 2097 quod
621 2020 686 2076 [lito
710 2020 833 2093 Augusto
856 2032 919 2093 posi
969 2043 1051 2101 oper-u
1079 2039 1226 2103 uirumque
1250 2046 1330 2104 aequo
1355 2035 1447 2091 arrium
1472 2036 1607 2105 tulerunt,
1637 2038 1773 2109 imperare

109 2114 284 2187 septuaginta
305 2114 409 2181 nutis,
431 2114 624 2186 quinquaginta
640 2113 747 2185 imperii
766 2129 820 2170 uon
843 2113 919 2171 licuit
970 2124 1084 2181 desiisse
1099 2139 1234 2196 nunquam
1248 2124 1431 2183 crediderunt.
1447 2127 1516 2195 Quid
1531 2129 1604 2188 eninr
1615 2124 1697 2202 'putas
1713 2133 1773 2201 tibi,

109 2220 279 2279 annosum
293 2210 347 2267 eito
367 2210 460 2269 licuit?
473 2210 573 2269 ideone
592 2219 620 2269 te
635 2212 700 2268 mibi
716 2212 773 2280 ille,
788 2211 865 2283 cujus
880 2219 920 2269 tot
970 2214 1146 2285 Maximiane,
1171 2215 1267 2275 dorem
1285 2217 1374 2288 ipsum
1397 2220 1573 2291 respondisse
1593 2237 1654 2279 eum
1677 2230 1706 2279 tu
1731 2224 1772 2281 in-

110 2318 188 2370 aras,
204 2312 243 2360 tot
256 2304 366 2375 templa,
381 2314 421 2360 tot
436 2304 543 2361 nomina
558 2304 638 2373 eoelo,
651 2304 779 2363 llereules
792 2305 877 2375 dedit,
891 2312 921 2361 ut
970 2308 1044 2377 genti
1058 2308 1149 2365 animo
1162 2306 1267 2365 diceres
1279 2326 1286 2363 :
1302 2308 1419 2383 Recipe,
1430 2308 1547 2382 tupiter,
1562 2314 1634 2385 quod
1648 2328 1772 2373 eommo-

111 2404 144 2453 tu
158 2398 185 2452 in
197 2397 351 2455 suburbano
362 2397 467 2455 otiosus
478 2397 577 2454 sedens
587 2413 665 2455 usum
676 2398 774 2455 dicata>
787 2396 854 2455 mibi
867 2398 922 2454 uir·
971 2398 1121 2457 (laetitios
1132 2398 1256 2473 proiecto
1269 2402 1419 2474 respondit,
1436 2414 1626 2465 nonmutuum
1639 2406 1710 2463 istud
1724 2406 1773 2465 tibi

111 2494 182 2551 tutis
195 2493 355 2551 amitteres?
369 2492 463 2550 lledde
477 2502 504 2551 te
517 2492 707 2565 gubernaculis
722 2494 801 2561 meis,
815 2504 843 2551 et
853 2507 922 2565 quo·
972 2494 1081 2563 tradidi,
1093 2494 1141 2552 sed
1154 2503 1285 2553 aeternum
1297 2512 1305 2553 ε
1315 2494 1374 2553 Non
1388 2497 1500 2568 recipio,
1516 2499 1564 2556 sed
1578 2514 1667 2558 serto.
1677 2500 1773 2559 Statim

111 2586 190 2644 niam
215 2586 362 2658 tranquillo
390 2587 457 2642 mari
485 2595 592 2658 portum
619 2586 722 2643 intrare
748 2586 920 2659 properasti,
972 2586 1054 2661 igitur
1076 2596 1106 2643 ut
1129 2586 1340 2659 praecipitantem
1362 2589 1555 2661 rempublicam
1569 2592 1723 2661 reneberti,
1747 2600 1776 2651 et

110 2681 187 2739 rade
200 2695 249 2753 per
268 2678 375 2748 lluetus,
397 2678 452 2736 mei
473 2678 581 2751 quidem
602 2695 696 2736 amore
715 2680 857 2748 sollicitus,
873 2680 921 2738 sed
972 2678 1153 2752 gubernacula
1166 2677 1298 2735 lluitsntia
1313 2678 1454 2751 recepisti;
1467 2682 1591 2740 omnibus
1605 2698 1668 2754 spes
1682 2683 1777 2741 solutis

112 2787 164 2833 tua
184 2776 324 2849 majestate
336 2789 457 2833 securus.
475 2774 509 2831 Et
529 2787 631 2843 umen,
649 2783 735 2847 perte
750 2775 797 2831 tibi
814 2775 923 2832 steterit
973 2772 1070 2830 illuxit.
1084 2764 1205 2831 'Posuerc
1222 2773 1313 2841 remi,
1329 2772 1421 2845 lugere
1441 2774 1543 2843 nubes,
1557 2776 1657 2833 lluctus
1673 2776 1776 2835 reside·

113 2871 247 2945 injuriam
262 2871 289 2927 in
311 2871 365 2927 mei
385 2866 557 2926 restitutione
571 2870 693 2942 patieris.
708 2868 850 2942 imperasti
864 2869 922 2942 pri·
974 2878 1047 2925 runt.
1069 2866 1158 2925 Etiam
1179 2866 1267 2925 sicubi
1281 2866 1371 2924 adbuc
1390 2868 1417 2923 io
1438 2867 1674 2941 longinquioribus
1698 2871 1777 2928 terris

113 2962 182 3021 dem
202 2973 337 3035 rogatusa
352 2962 446 3030 tratre,
461 2975 557 3017 rursus
570 2962 672 3033 impera
685 2962 805 3033 iussusa
825 2971 921 3019 matre.
974 2962 1064 3034 aliqua
1083 2962 1243 3021 obuersatur
1256 2960 1422 3027 obscuritas,
1438 2973 1485 3018 aut
1504 2960 1630 3020 residuus
1645 2962 1776 3021 undarum

113 3052 312 3125 (ictelestem‚
328 3054 749 3125 imperaturaeteme,pietatem
765 3061 923 3125 tuamque
974 3054 1070 3125 pulsus
1090 3055 1287 3120 immurmurat,
1313 3066 1425 3111 necesse
1448 3064 1489 3111 est
1514 3064 1602 3113 tamen
1629 3065 1693 3113 ante
1717 3066 1778 3113 tuos

115 3157 196 3207 tuum
210 3150 284 3206 illum
297 3149 417 3205 animum
432 3163 541 3220 semper
554 3147 683 3204 invictum
698 3148 754 3205 sola
770 3149 844 3205 uicit.
859 3146 956 3217 lione
972 3158 1064 3215 nutus,
1077 3147 1235 3218 dilucescat,
1251 3156 1279 3203 ct
1288 3147 1376 3203 sileat.

114 3243 232 3319 potuisti
254 3244 382 3300 resistere
403 3250 505 3299 sanetae
527 3242 601 3298 illios
622 3243 740 3312 parentis
754 3242 877 3314 imperio,
894 3253 922 3301 et
1010 3240 1077 3298 xill.
1097 3240 1157 3297 liisi
1173 3256 1222 3313 pro
1238 3240 1343 3297 ratione
1357 3240 1497 3312 temporis,
1513 3240 1688 3299 sacratissimi
1702 3242 1780 3301 Prin·

116 3340 223 3396 inritus
237 3338 299 3395 lieet
312 3336 444 3409 paruisti,
459 3342 487 3391 et
501 3344 528 3390 to
542 3334 596 3389 illis
609 3334 706 3406 uigiliis
720 3334 826 3406 illisque
839 3335 923 3404 euris,
977 3335 1062 3407 cipes,
1077 3348 1109 3390 ea
1127 3350 1187 3406 quae
1204 3333 1230 3389 ‘tu
1242 3332 1319 3389 uobis
1333 3333 1460 3403 inuicem,
1477 3344 1506 3390 ut
1525 3334 1623 3405 laoitis,
1638 3336 1778 3404 admirari.

115 3446 190 3503 quas
213 3428 309 3502 uiginti
326 3427 405 3485 annis
427 3438 557 3498 expertus
581 3425 671 3481 lucras
685 3426 836 3483 reddidisti.
859 3426 925 3497 Qui·
978 3438 1006 3484 et
1025 3442 1118 3483 amare
1130 3426 1247 3484 debetis.
1261 3424 1357 3483 Restat
1371 3434 1402 3483 ut
1415 3427 1472 3499 ipsa
1487 3426 1545 3497 illa,
1559 3444 1620 3500 quae
1634 3430 1781 3501 separatius

115 3528 254 3594 busnam,
277 3531 305 3580 tu
320 3524 428 3580 dominu
441 3523 572 3595 gentium,
595 3528 672 3592 potes
686 3536 863 3592 compensare
877 3521 926 3579 be·
978 3520 1013 3579 de
1032 3520 1177 3579 virtutibus
1196 3524 1297 3577 uestris
1320 3520 1425 3577 locutus
1446 3536 1517 3589 sum,
1533 3522 1613 3579 sicut
1635 3522 1698 3580 buic
1716 3532 1780 3581 roto

115 3620 229 3679 nedelis
251 3619 304 3677 boe
325 3619 364 3675 tui
387 3616 558 3688 imperatoris
582 3615 760 3687 obsequiumi
781 3618 829 3689 qui
849 3623 925 3674 tauto
978 3616 1105 3689 congruit
1118 3615 1144 3671 iu
1155 3616 1288 3671 sermonis
1304 3612 1357 3669 line
1371 3615 1542 3687 conjungam.
1559 3616 1599 3672 ilii
1615 3616 1782 3675 immortales

116 3730 172 3773 usu
188 3711 290 3785 mens,
306 3717 424 3785 quastus
446 3709 483 3768 sit
503 3708 654 3782 imperandi
675 3709 762 3781 labor,
777 3718 926 3782 propterte
978 3720 1079 3783 quanta
1093 3722 1207 3766 romano
1221 3706 1336 3780 imperio
1349 3708 1512 3778 renuimus,
1525 3724 1586 3782 quac
1601 3709 1669 3782 iam,
1693 3720 1781 3769 utres

705 3862 715 3873 .
748 3841 929 3903 desidebat
950 3841 1069 3903 NOTAE.

156 3972 197 4031 X.
209 3968 243 4027 lu
254 3970 312 4028 istis
367 3964 484 4036 stituit
494 3972 546 4030 est,
556 3965 584 4023 in
592 3964 697 4031 Galliis,
706 3962 753 4019 ubi
761 3960 820 4019 ltoec
831 3962 920 4019 oratio
971 3963 1073 4020 minuas
1081 3968 1138 4035 post
1152 3961 1207 4016 boer
1215 3960 1243 4016 irs
1255 3958 1377 4043 erneisus
1389 3960 1513 4017 morcidus
1525 3961 1607 4047 filium
1617 3960 1783 4053 'dissentirem

118 4045 266 4104 dicebatur
325 4056 359 4096 ox
380 4040 416 4096 ibi
432 4055 491 4095 aero
527 4038 635 4103 idest,
660 4037 687 4092 in
708 4034 920 4107 ltalia,inqua
973 4034 1105 4091 denudare
1122 4039 1240 4100 senatus,
1257 4031 1407 4087 sedrtrouem
1421 4043 1445 4088 et
1463 4044 1573 4089 connire
1587 4035 1697 4090 multtum
1710 4039 1779 4093 tulrt.

118 4082 283 4178 Maxentius
295 4111 378 4169 miras
391 4111 484 4167 turbas
496 4080 635 4167 excitarit.
1011 4105 1127 4179 llogutus
1147 4120 1164 4158 a
1186 4106 1277 4187 fratre:
1298 4101 1328 4159 ld
1351 4111 1403 4171 est,
1423 4119 1439 4160 a
1456 4104 1634 4176 Diocletiano,
1653 4106 1781 4179 jussura

159 4185 365 4260 imperatoribus
388 4184 522 4254 imperare.
549 4180 577 4237 ld
599 4189 657 4245 est,
681 4176 855 4247 ilarimiano,
879 4176 923 4234 cui
974 4177 1109 4262 matraid
1124 4182 1306 4246 estapatrra.
1343 4246 1371 4259 ..
1449 4248 1455 4259 Ι
1537 4250 1543 4261 Ι
1657 4249 1663 4263 ¹
1750 4192 1773 4265 'e

119 4262 213 4318 Roma
227 4272 276 4328 pro
289 4271 339 4313 suo
352 4256 412 4327 jure
429 4254 566 4326 precipit,
584 4263 611 4309 ut
633 4249 785 4317 depositum
804 4255 925 4306 resumat
1012 4248 1141 4305 Facibus.
1158 4245 1213 4302 lloe
1226 4253 1279 4331 est,
1297 4245 1506 4321 instructurus
1520 4248 1782 4310 ruueuttuureruu-

121 4332 282 4403 imperium.
303 4316 409 4384 ¹l'trdom
438 4326 573 4382 exereitus
602 4322 764 4380 llaximiano
791 4322 923 4385 abduxit,
977 4322 1049 4379 sione
1061 4320 1201 4396 imperium
1212 4328 1349 4402 tenuisse..
1616 4392 1622 4407 .
1708 4394 1715 4407 ⁸
1744 4396 1750 4409 .

122 4420 188 4461 erum
203 4402 323 4475 priuatos
336 4400 363 4456 in
378 4396 525 4454 ereauiam
540 4394 691 4461 concessit,
708 4393 853 4465 eidemque
866 4390 927 4449 red·
1014 4391 1176 4449 Intermissa.
1194 4392 1250 4474 lloc
1262 4397 1314 4457 est,
1326 4406 1348 4448 ss
1359 4399 1444 4447 tamea
1460 4398 1498 4448 est
1511 4393 1599 4465 eliqua
1612 4402 1778 4469 tulmurrssso,

122 4476 196 4533 didit
224 4488 287 4530 curn
307 4465 688 4528 aduersusilaxentiumeum
704 4466 789 4537 copiis
803 4478 928 4538 progres-
979 4480 1052 4522 noras
1064 4462 1376 4549 ιιιιιιιιιιιιιιιιιιιιιιιἶ
1502 4536 1536 4551 ..
1701 4538 1708 4552 ·

124 4562 176 4605 sus
188 4517 241 4605 e'st.
1016 4534 1783 4617 xll.lleusdle.llax1mmmetlpollrnrscomparatroad-

162 4617 459 4674 Adredaudasurrimos.
476 4609 703 4670 Pretoriauorum
717 4624 779 4665 eum
792 4606 928 4665 Maxentio
940 4597 968 4660 Ι)
981 4608 1091 4666 modum
1106 4608 1257 4679 ingeniosa.
1269 4605 1295 4662 ls
1312 4620 1384 4659 enum
1394 4606 1518 4689 relictas,
1531 4617 1559 4665 et
1570 4609 1649 4665 deuio
1665 4612 1779 4680 rectori,

126 4690 332 4750 rebellantium.
981 4696 1078 4751 nempe
1088 4679 1239 4743 Pbaetonti,
1248 4677 1317 4732 male
1327 4679 1444 4735 credttas
1462 4680 1581 4736 lrabeuas
1600 4696 1710 4739 neeesse
1733 4684 1782 4740 ιιι-

165 4762 206 4818 sa
243 4761 302 4817 lices
322 4760 369 4816 tibi
383 4774 475 4814 uruuur
489 4754 602 4813 trudeus.
622 4750 694 4808 Nota
706 4751 872 4823 ingeniosam
884 4766 929 4806 ur·
979 4750 1643 4821 buitrursumdirigere,utpaeemturbatomundo
1653 4752 1777 4812 referret.

125 4834 172 4892 bis
188 4778 282 4890 iddare
302 4831 517 4904 prosopopoeiam
530 4868 538 4893 ,
553 4826 586 4881 ad
609 4824 785 4880 auertendam
806 4838 822 4878 a
842 4822 930 4905 llari·
1019 4822 1081 4908 liert
1095 4823 1201 4893 recipio.
1222 4821 1252 4905 ln
1263 4829 1443 4946 wemma
1459 4823 1505 4878 sed
1523 4839 1604 4895 seua,
1621 4824 1656 4883 ad
1672 4836 1779 4902 tempus

127 4906 239 4970 miano,
261 4905 285 4960 si
304 4911 428 4976 quaerat
447 4903 475 4957 in
496 4899 651 4968 receptione
670 4895 792 4967 imperii,
808 4893 849 4951 vel
863 4896 930 4949 iuu-
982 4894 1048 4952 illud
1060 4908 1147 4963 ipsum
1162 4894 1237 4977 brevi
1251 4903 1271 4946 u
1291 4889 1445 4948 rreddttus.
1751 4932 1754 4941 .

127 4978 215 5041 diam,
229 4976 274 5031 vel
288 4982 378 5031 notam
393 4973 511 5030 leuitatis
523 4968 702 5042 aptissimam.
1019 4964 1141 5023 Poscere.
1155 4961 1263 5021 AEnerd.
1277 4976 1326 5029 ιιι,
1341 4960 1398 5018 st:

170 5048 219 5105 ιιι
232 5048 327 5119 potius.
345 5048 416 5101 duas
437 5044 485 5100 bas
497 5042 607 5098 uoeulas
620 5038 758 5095 scitatus
773 5046 849 5109 putat
868 5052 929 5094 esse
1086 5043 1146 5097 com
1156 5050 1226 5096 renti
1249 5053 1367 5108 posuere,
1379 5044 1633 5111 omnisquugrupunru

128 5119 334 5193 expungendas.
345 5116 446 5175 Verum
467 5126 557 5173 nmen
577 5112 713 5175 extantia
727 5110 853 5166 omnibus
869 5109 930 5167 edi·
1043 5106 1239 5192 Rmedltilalus.
1358 5177 1364 5190 Ι
1453 5180 1459 5192 ·
1523 5179 1529 5192 .
1619 5181 1625 5195 ι

128 5192 262 5251 sionibus.
400 5188 406 5197 ‘
1018 5177 1053 5235 lu
1067 5178 1285 5251 bapnqarorrbus
1303 5186 1388 5236 terras.
1402 5177 1505 5237 lndrest
1523 5195 1549 5236 m
1567 5179 1644 5237 ltalra
1658 5180 1777 5239 turbasa
1802 5203 1805 5209 ·

166 5251 932 5334 utbsulupurrdbitreuiuauuoaudsidimperii
983 5249 1123 5334 llaremio
1137 5250 1286 5335 excitatas..
1323 5322 1330 5335 ο
1651 5324 1657 5337 ’
1696 5324 1702 5337 .

129 5351 200 5395 vero
211 5349 284 5392 auno
296 5334 343 5391 56.
357 5332 466 5391 Sueten.
1020 5322 1124 5394 illeque.
1141 5322 1167 5377 ld
1180 5330 1237 5390 est,
1250 5322 1329 5391 aitqua
1340 5331 1400 5379 suut
1414 5321 1553 5389 subruitur,
1573 5332 1597 5379 et
1609 5322 1724 5396 requuroe
1736 5340 1784 5383 ea·

169 5406 206 5465 ιιι
223 5416 262 5463 ts.
276 5405 332 5462 lloe
351 5415 393 5462 ιιι
423 5415 453 5460 ut
474 5403 538 5459 milti
546 5398 707 5458 subtraberet
716 5398 843 5467 ιιιιιιιιιι,
856 5411 933 5468 quum
984 5396 1069 5451 citatas
1083 5394 1237 5466 tempestatis
1250 5398 1370 5465 {remant

130 5480 197 5536 ssdbi
211 5446 408 5535 comessurus’
1022 5468 1088 5521 Aule
1101 5475 1157 5520 tuos
1167 5475 1254 5521 uatus.
1267 5464 1337 5537 Lege
1349 5467 1384 5520 ud
1398 5473 1475 5523 tratur
1490 5474 1556 5522 tuos.

170 5550 223 5607 Per
233 5561 257 5605 te
270 5550 315 5605 tibi
327 5550 433 5605 steterit.
448 5546 537 5604 Locus
551 5553 704 5615 corruptus.
718 5538 934 5606 ratusratus
1022 5536 1090 5593 lllll.
1102 5536 1262 5621 lieuorqstis.
1276 5536 1439 5594 Pauloeuim
1450 5538 1700 5622 aritellaximianus
1711 5540 1781 5625 Aug.

132 5621 336 5765 ittttttllt
350 5612 934 5759 :dltttntitttititttiittliti:
985 5606 1787 5753 iitiittilitttitttitit.titttttlitittlit'tt

134 5768 174 5841 git
191 5766 261 5824 illud
274 5763 346 5839 quod
360 5764 395 5821 de
407 5780 442 5821 eo
461 5761 542 5817 babet
558 5759 672 5832 Eutrop.
693 5756 833 5815 Herculius
846 5754 934 5812 lluat-
987 5754 1092 5813 miauus
1103 5752 1248 5824 imperatur
1261 5760 1303 5811 est
1311 5750 1480 5812 Constantini
1493 5768 1594 5827 socer„

338 5860 478 5924 Psunot.
494 5853 580 5921 viil.
1314 5905 1319 5916 «
1431 5930 1436 5935 ,
1480 5845 1532 5930 ,20
