3975 6292
151 291 203 364 lut
684 315 814 374 uberto
832 316 880 375 lb
899 318 1109 381 stucroubtt
1128 322 1272 385 ctutum
1524 339 1529 353 '
1755 340 1809 401 4⁰2

150 422 327 491 conscerati,
344 423 406 479 aliis
417 426 533 483 suadere
544 442 578 484 ac
590 430 740 500 predicare
752 433 867 491 debetis.
882 436 950 494 bate
962 442 991 505 Α
1002 437 1215 521 διαπεπραγμένα
1225 442 1292 506 εἶητι
1307 442 1346 515 ἂν,
1360 450 1435 525 νιᾲμυί
1445 458 1482 527 τῷ
1495 454 1611 532 ίμετέμῷ

150 512 235 586 igitur
247 530 370 586 operam,
384 519 544 575 certissimi
560 522 606 578 bei
617 524 750 592 ministri,
763 536 791 583 et
803 529 953 586 eommunis
1007 532 1219 613 θπιρθθλλουσαν
1235 535 1331 596 δώσετε
1348 542 1436 620 χάριν.

150 606 274 664 omnium
287 618 409 667 restrum
420 611 525 668 bomini
537 616 728 675 ncSerratoris
741 618 834 677 fideles
847 620 953 691 lamuli,

149 711 182 757 ut
197 701 311 759 sublatis
329 705 529 776 quomprimunr
552 718 654 766 mutue
667 710 738 767 inter
759 726 808 767 ros
822 712 1000 771 dissensionis
1026 713 1130 783 eaesis,
1149 729 1254 771 omnes
1277 708 1524 781 controversiarum
1543 726 1629 785 nodos
1646 730 1719 801 pacis
1741 732 1809 806 legi·

149 790 344 853 bussineuila
363 813 439 855 mura
454 799 619 857 dissoluatis.
642 803 698 860 ilar.
717 806 790 860 enim
816 808 921 864 ratione
944 817 972 864 et
997 822 1105 865 summo
1125 808 1246 865 omnium
1275 808 1330 869 lieo
1353 827 1411 871 rem
1435 819 1616 889 gratissimam
1641 822 1752 894 laeturi,
1779 834 1808 883 et

148 887 220 947 milti
240 902 375 947 conservo
400 900 491 949 restro
513 893 608 967 ingens
621 894 782 952 benellcium
806 897 929 956 collaturi
943 897 1020 955 ostis.

1626 459 1808 536 σννθερὰποντι

466 1176 692 1265 ORATIO
721 1179 799 1265 AD
827 1176 1197 1267 SANCTORUM
1226 1182 1488 1274 COETUM.

186 1359 301 1420 corut
311 1360 659 1421 Uibulli-enomere!
672 1378 827 1421 usnrronru
840 1378 919 1420 racrr
932 1376 1053 1432 noscas,
1069 1381 1104 1421 rr
1118 1380 1189 1431 ouon
1200 1381 1329 1425 cantsrus
1343 1384 1396 1428 cerr
1411 1387 1500 1431 εισιτε
1515 1390 1541 1431 m
1556 1390 1643 1435 ounrs
1656 1392 1771 1438 nostres

559 1471 699 1514 sensrrcrn
711 1471 900 1524 cornelissen,
916 1472 950 1513 m
970 1446 1061 1516 rrsnrtr
1074 1474 1145 1516 unns
1158 1476 1319 1520 uuecrarus
1329 1480 1389 1521 σεε.

185 1571 358 1645 splendidius
371 1572 452 1630 solito
466 1570 536 1630 Solis
551 1588 583 1629 ac
602 1573 655 1629 diei
671 1573 760 1644 jubar,
773 1573 951 1645 primordium
965 1591 991 1653 Β
1039 1576 1072 1631 τὸ
1084 1576 1284 1655 τηλαυγέστερον
1297 1581 1395 1658 ἡμέρας
1411 1603 1439 1638 τε
1460 1588 1504 1641 καί
1517 1584 1587 1645 ἡλίου
1600 1588 1702 1664 φέγγος,
1717 1594 1806 1668 προοί-

148 1668 261 1741 quidem
285 1668 511 1734 resurrectioui53
532 1683 677 1739 corporum
697 1683 762 1725 vero
775 1668 830 1739 jum
847 1666 950 1738 pridem
1005 1688 1062 1741 μιον
1079 1671 1125 1742 μέν
1144 1670 1318 1734 ἀναστάσεως·
1335 1672 1436 1749 ἁρμογή
1457 1673 1484 1731 δι’
1504 1678 1548 1732 νέα
1572 1686 1623 1734 τῶν
1642 1683 1807 1742 πονησάντων

147 1761 342 1818 dissoluturum
358 1776 426 1817 nuta
442 1762 595 1832 reparatio,
616 1762 820 1818 fundamentum
835 1762 951 1832 promis·
1003 1762 1067 1815 nori
1083 1762 1220 1834 σωμάτων,
1236 1762 1314 1840 ὁρμαί
1326 1766 1348 1817 θ’
1361 1768 1544 1840 ὑποσχέσεως,
1570 1773 1612 1826 καί
1634 1774 1750 1849 ἀτραπὸς
1764 1776 1807 1832 irrl

147 1854 251 1922 sionis;
267 1856 307 1911 ria
320 1854 423 1911 ducens
439 1855 472 1910 ad
486 1863 615 1910 aeternnm
630 1855 732 1920 vitam,
755 1855 814 1910 dies
826 1853 951 1912 videlicet
1002 1860 1048 1915 τείν
1068 1856 1169 1911 αἰωνίαν
1183 1861 1249 1922 ζωήν
1263 1856 1374 1933 ίίγοοσα,
1390 1863 1462 1920 irai
1478 1865 1628 1937 παθήματος
1638 1868 1721 1945 ιίμέρα
1736 1871 1805 1947 πείρ-

148 1946 288 2005 Passionis
302 1964 374 2003 ειειιιο
390 1950 495 2020 agitur,
512 1948 641 2004 boetores
653 1947 786 2004 carissimi
805 1958 833 2003 et
855 1947 950 2019 reliqui
1002 1968 1088 2013 εστιν,
1111 1946 1131 2003 ὦ
1153 1952 1364 2027 προσφιλέστατοι
1382 1955 1532 2029 καθηγηταί,
1555 1958 1618 2031 φίλοι
1637 1957 1659 2012 θ’
1684 1961 1708 2015 οί
1724 1960 1806 2019 λοιποί

146 2056 246 2097 onmes
269 2042 365 2107 amici;
381 2054 484 2111 vosque
505 2040 590 2095 multo
614 2039 726 2111 reliquis
747 2038 951 2097 lelieioresere·
1002 2042 1149 2113 ξύμπαντες
1157 2039 1256 2121 ἄνδρες.
1267 2044 1657 2125 μακαριίιτεραδίπολλῷπλήθη
1667 2056 1804 2128 πῶνθρησ·

146 2134 271 2192 (lentium
283 2134 385 2205 pupuli,
399 2134 443 2205 qui
461 2133 701 2205 ipsutn.rcllgionis
714 2144 852 2190 auctorent
866 2134 950 2191 Deum
1003 2136 1139 2201 νευόντων,
1154 2140 1197 2192 καί
1209 2139 1286 2194 αὐτὸν
1307 2140 1350 2194 τὸν
1372 2148 1419 2201 τῆς
1438 2142 1573 2213 θρησκείας
1595 2145 1667 2211 Θεὸν,
1689 2144 1731 2203 διὰ
1754 2156 1806 2204 τῶν

146 2228 275 2299 religiose
297 2228 401 2293 culitis,
427 2235 454 2283 et
481 2239 536 2282 tum
560 2226 688 2283 interiore
707 2242 808 2298 sensu,
831 2230 951 2286 tumlin·
1002 2228 1072 2290 έντὸτ
1083 2230 1340 2290 αίσθήσεωνέηίστου
1350 2236 1393 2287 καί
1402 2230 1805 2313 δίίηρωνηπηρίωνᾰδιαλείπτιες

144 2320 211 2393 gnis
228 2334 261 2376 ac
280 2320 403 2386 vocibus,
426 2321 503 2391 thrta
526 2334 665 2375 sacrorum
689 2321 862 2378 oraculorum
885 2338 951 2394 pru·
1002 2322 1149 2394 ὑμνούντων
1161 2323 1228 2379 ηατὰ
1240 2324 1274 2380 τοί
1285 2326 1311 2380 έν
1325 2326 1485 2399 θισπίσμασι
1501 2332 1753 2406 προσαγορευόμενα.
1770 2338 1803 2391 σὺ

145 2414 260 2487 scripit,
272 2414 360 2486 ipsum
375 2416 434 2471 sinc
457 2414 657 2471 intermissione
680 2414 806 2472 laudantis.
817 2414 859 2472 l’u
872 2432 947 2486 veru,
1002 2412 1026 2471 δ’
1039 2408 1237 2493 ὦπαμμήτιερα
1249 2418 1342 2489 φύσει,
1358 2420 1384 2472 τί
1398 2424 1511 2475 τοιοῦτον
1531 2428 1569 2495 τῷ
1585 2422 1673 2498 κόσμῳ
1690 2428 1806 2483 συντετέ-

145 2518 245 2567 natura
255 2508 374 2564 omnium
397 2522 512 2579 parens,
538 2509 602 2579 prrid
617 2506 770 2579 bujusmodi
786 2524 904 2581 unquam
916 2507 950 2566 ad
1001 2505 1075 2568 λεκας
1088 2509 1208 2574 πίιποτε;
1224 2516 1297 2564 ποῖον
1311 2506 1333 2564 δ’
1347 2506 1411 2571 ὅλοις
1424 2511 1469 2566 σίν
1481 2509 1678 2588 δημιούργημας
1695 2514 1768 2595 εἴπερ
1791 2516 1805 2573 ci

145 2600 288 2658 bominum
303 2602 447 2657 utilitatem
466 2598 625 2656 eonmlistii
638 2601 691 2657 liet
713 2601 801 2671 potius
813 2600 885 2672 guod
904 2616 951 2657 us·
1001 2605 1052 2655 τῶν
1065 2600 1175 2667 πάντων,
1198 2603 1242 2656 καί
1264 2610 1311 2663 τίς
1329 2610 1378 2663 mir
1400 2604 1488 2665 οὐσίας
1511 2603 1603 2668 αίτιος.
1626 2612 1762 2686 οῦτοςγοίμ
1774 2631 1804 2667 ηε

144 2709 230 2767 quam
251 2702 293 2750 est
315 2692 450 2765 opificium
472 2692 570 2749 luutn?
597 2693 737 2763 Siquidem
764 2692 809 2748 ille
827 2693 948 2750 bruttium
1001 2689 1153 2765 ένιὸσμησεν,
1178 2693 1234 2747 incl
1254 2692 1361 2765 κόσμος,
1377 2696 1393 2754 ti
1407 2698 1475 2752 κατὰ
1493 2702 1564 2769 pirre
1585 2702 1648 2765 ζωή·
1670 2701 1805 2780 ίτειαεαρά-

144 2795 243 2844 auetor
266 2795 319 2843 ture
338 2786 497 2843 substantie
518 2786 609 2858 opiier
631 2786 689 2843 luit.
711 2786 759 2842 llic
784 2786 857 2842 enim
886 2792 948 2852 est,
1001 2804 1062 2844 τηατ
1076 2784 1400 2864 γὰροίμίτμίωεᾶπαρί
1416 2795 1499 2862 pern·
1513 2790 1556 2847 τίν
1567 2798 1618 2849 τῶν
1627 2794 1731 2851 πάντων
1743 2798 1805 2853 Θεὸν

143 2881 195 2953 qui
217 2889 243 2937 te
262 2879 376 2937 ornauit.
391 2880 495 2951 Quippe
503 2888 699 2937 ornamentum
720 2888 823 2937 naturae
834 2891 877 2938 est
895 2881 949 2937 rito
1001 2877 1122 2943 νἰατοιξίαν
1141 2879 1225 2935 siden
1238 2877 1346 2953 μηδένα,
1371 2884 1518 2956 νομίζεσθαι
1530 2906 1557 2941 τε
1571 2892 1607 2960 μὴ
1619 2888 1647 2943 ix
1668 2892 1803 2965 προνοίας,

143 2987 211 3030 cum
224 2984 319 3030 natura
336 2984 399 3047 apte
414 2974 598 3031 consentiens.
617 2974 733 3031 invainit
747 2984 836 3030 autem
853 2983 983 3053 posteac
1001 2970 1054 3027 ἀλλ’
1069 2974 1103 3033 ὡς
1115 2968 1211 3045 ἴτυχεν
1224 2973 1341 3035 ἀτάκτως
1351 2994 1379 3029 τε
1388 2978 1432 3031 καί
1440 2976 1594 3051 πλημμελῶς
1605 2984 1638 3037 τοι
1653 2982 1737 3037 πάντα
1745 3004 1805 3038 συν-

144 3069 261 3143 idquod
283 3082 395 3141 prorsus
417 3080 521 3125 nature
539 3070 705 3125 contrarium
727 3078 790 3136 est,
811 3078 840 3124 ut
867 3068 950 3125 licum
1002 3065 1120 3131 ιστείναι,
1147 3066 1190 3121 καὶ
1217 3071 1301 3121 ταῦτα
1325 3066 1522 3142 ἐξαγγελλούσης
1557 3072 1698 3141 miluom
1734 3076 1802 3137 θείας

144 3162 269 3220 omnium
283 3171 420 3220 auctorem
441 3176 522 3218 nemo
536 3176 657 3233 congruo
668 3162 742 3217 cultu
757 3171 948 3228 veneraretur,
1004 3160 1134 3219 intrariae
1151 3155 1193 3213 διὰ
1206 3165 1353 3235 προφητῶν.
1381 3154 1417 3221 οἷς
1440 3158 1494 3219 έδει
1505 3164 1647 3231 πείθεσθαι,
1666 3166 1804 3223 αἰντίστατο

144 3263 299 3326 cunctaque
311 3270 366 3310 nou
384 3254 468 3310 dirini
483 3252 607 3309 Numinis
624 3252 812 3323 providentia,
826 3252 875 3308 scd
886 3268 951 3309 casu
1003 3253 1138 3312 παντοίαις
1152 3256 1286 3323 μηχαναῖς
1301 3247 1387 3307 ἀδικία
1400 3248 1543 3317 turanum·
1559 3252 1741 3337 διαθιθλημένη
1759 3258 1805 3331 μέν

143 3347 266 3421 quodam
279 3362 313 3405 ac
328 3358 431 3405 temere
440 3348 497 3420 geri
518 3356 688 3418 putarentur.
709 3347 744 3403 Et
759 3347 881 3419 qunmris
893 3360 953 3417 pro·
1002 3346 1069 3423 πρὸς
1082 3345 1111 3400 τί
1123 3352 1170 3405 τίς
1182 3343 1299 3406 ἀληθείας
1309 3351 1371 3417 pbr,
1383 3346 1550 3421 ἀσπαζομένη
1566 3347 1593 3407 tt
1602 3350 1633 3405 ri
1642 3348 1805 3425 δυσελεγνιεον

855 3458 993 3518 vetusti
1011 3456 1129 3515 ΝΟΜ.

185 3555 277 3613 Oratio
288 3555 323 3610 od
333 3564 416 3609 εσνεεε.
430 3561 533 3609 cetuna.
545 3552 610 3609 Post
622 3560 737 3623 quatuor
749 3551 834 3609 libros
844 3552 882 3609 ds
892 3552 946 3608 riu
999 3556 1110 3632 ριώτιρα
1122 3550 1149 3607 δέ
1162 3552 1246 3625 πολλῷ
1258 3552 1352 3619 “idida
1365 3552 1472 3610 ibidum
1486 3559 1550 3609 ⁸¹¹¹st
1562 3554 1673 3613 illelmi
1698 3560 1804 3629 Ρθίῖθΰῑ

143 3639 176 3689 et
189 3631 288 3700 pietate
299 3626 645 3698 imperutoriscoustantini
659 3624 726 3681 duas
743 3627 880 3681 orationes
892 3624 944 3679 liu·
1000 3638 1052 3694 εγιεο
1071 3623 1264 3682 Constantinus
1286 3624 1439 3682 felicitatem
1454 3625 1600 3683 Catholieoe
1614 3628 1701 3699 plebis
1722 3645 1804 3703 erag-

142 3704 238 3761 sebius
255 3699 422 3769 subjecerat:
433 3697 544 3754 alteram
555 3694 722 3753 Constantini
735 3697 799 3767 imp.
816 3695 848 3751 ael
864 3697 947 3752 Sanc·
1001 3707 1084 3767 gerat.
1108 3692 1204 3760 Porro,
1225 3694 1350 3751 libentius
1372 3695 1380 3750 l
1416 3712 1488 3754 crem
1499 3698 1581 3759 πλήθη
1594 3700 1760 3774 τυγχάνετε,
1775 3713 1804 3760 ut

144 3780 369 3834 torumcoetum,
392 3770 448 3825 sire
467 3768 500 3825 ad
520 3768 668 3823 Ecclesiam
696 3769 759 3833 bei;
788 3767 901 3823 alteram
930 3782 945 3819 a
1001 3764 1107 3839 plebem
1121 3766 1207 3836 ipsam
1220 3766 1371 3837 alleguntur
1413 3771 1592 3825 onstantinus.
1609 3768 1638 3824 ln
1657 3773 1804 3829 codiceta-

143 3846 237 3917 seipso
260 3842 441 3912 conscriptam
463 3842 498 3896 de
525 3839 624 3895 labrire
639 3851 667 3896 et
692 3837 811 3895 donariis
824 3838 946 3910 martgrii
1001 3854 1062 3893 rnen
1078 3836 1148 3893 liult.
1162 3846 1188 3891 et
1207 3836 1299 3892 Sarilii
1314 3838 1348 3892 ίεει
1370 3838 1466 3909 legitur
1481 3841 1524 3896 bic
1539 3840 1631 3897 locus:
1646 3842 1762 3921 μακάριοί
1775 3868 1803 3904 τε

143 3916 269 3974 ilicrosol
290 3914 400 3977 mitani,
415 3922 446 3967 ut
457 3912 571 3983 ipsemet
583 3910 716 3967 Eusebius
726 3911 870 3966 testaturin
885 3925 944 3978 cap.
1000 3910 1083 3967 πολλοὶ
1103 3910 1185 3969 πλήθη
1199 3916 1250 3964 τῶν
1262 3910 1442 3985 θρησαευτιῖιν.
1455 3915 1497 3968 καί
1511 3912 1586 3969 αὐτὸν
1604 3915 1648 3969 τὸν
1661 3922 1708 3976 τίς
1722 3918 1804 4005 lpus·

143 3988 182 4049 δί
199 3997 228 4045 et
242 3930 288 4043 dg
299 3984 361 4041 libri
372 3982 470 4055 quarti·
486 3982 538 4040 Sed
553 3984 687 4055 posterior
703 3980 810 4052 quidem
836 3980 946 4036 Eusebii
999 3984 1069 4044 κτίσις
1082 3983 1137 4037 θεὸν
1149 3978 1192 4036 διὰ
1204 3988 1255 4035 τῶν
1265 3982 1333 4042 ἐντὸς
1346 3982 1499 4048 αἰσθήσεων,
1512 3982 1621 4040 ε’νεάστον
1634 3988 1675 4040 καὶ
1685 3982 1717 4041 δι’
1731 4008 1805 4061 ταραν-

143 4061 233 4117 oratio
247 4057 327 4114 ltutlic
339 4072 393 4113 uutt
407 4065 491 4112 extat.
504 4056 580 4109 Prior
595 4065 682 4108 autem
704 4053 748 4108 itta
776 4060 815 4107 iot
842 4050 947 4107 mendis
999 4055 1123 4127 νητηρίων
1136 4049 1306 4114 ἀδιαλείπτως
1320 4052 1469 4125 ὑμνούντων
1481 4058 1594 4115 κατὰτὰ
1609 4056 1804 4131 teterrimam

143 4131 284 4204 inquinata
295 4136 349 4191 est,
360 4136 390 4183 ut
404 4141 473 4198 pene
486 4124 660 4181 satiusluerit
682 4140 741 4179 earn
762 4140 815 4178 non
828 4133 945 4179 exstare.
999 4125 1237 4203 προαγοριοίμενα.
1565 4144 1569 4151 ’

143 4204 247 4261 Verum
262 4214 324 4258 cunt
338 4198 389 4255 boe
403 4198 530 4253 cointium
553 4199 588 4253 sit
608 4206 809 4253 trrorttnuetttom
830 4194 949 4265 religiosi
1036 4204 1087 4258 Τῆς
1102 4203 1149 4258 rie
1164 4197 1259 4257 οὐσίας·
1276 4192 1350 4250 lianc
1367 4194 1510 4251 Ῑθθῑῑθῐλθθῑ
1527 4205 1635 4282 Siculus
1649 4207 1691 4254 ⁰³²
1709 4198 1805 4285 ,Chiis-

143 4274 295 4349 prineipis,
312 4272 580 4342 ejusquestndiormn
594 4278 621 4324 et
634 4269 732 4336 ingenii
745 4269 847 4322 illustre
859 4268 948 4335 speci·
1003 4266 1193 4336 topborsonus.
1228 4266 1285 4337 Ego
1313 4280 1387 4332 rere,
1411 4282 1440 4322 re
1469 4276 1597 4323 attenues
1629 4280 1803 4337 examinata,

143 4362 208 4406 men
231 4360 323 4416 operas
344 4343 457 4412 pretium
477 4342 596 4399 licturus
611 4340 677 4395 nribi
697 4340 807 4405 videor,
823 4342 846 4392 si
874 4336 902 4392 in
915 4351 949 4393 eo
1002 4339 1135 4410 vulgatam
1149 4339 1309 4408 scripturam
1322 4337 1366 4393 bic
1383 4338 1551 4395 retinendam
1575 4347 1650 4423 puto.
1674 4340 1805 4400 biterrim

145 4388 319 4476 emendando
343 4424 424 4485 atque
438 4414 597 4485 explicando
612 4426 704 4469 curam
728 4425 760 4466 ac
784 4408 950 4482 diligentiam
1001 4408 1196 4466 Constantinus
1221 4418 1343 4466 naturam
1368 4424 1421 4465 non
1453 4425 1513 4467 esse
1542 4410 1665 4483 optbeem
1692 4427 1804 4485 rerum,

146 4491 309 4548 ,higuera
1002 4494 1062 4537 cnm
1090 4482 1159 4538 Deus
1185 4481 1270 4553 ipsam
1308 4480 1470 4549 cortdiderit,
1503 4497 1553 4539 nec
1587 4492 1690 4539 mutum
1719 4485 1805 4555 ipsius

181 4563 277 4643 'oppai
286 4560 309 4614 θ’
319 4559 502 4632 ὑποσχέσεως.
516 4556 546 4612 ln
560 4555 629 4613 ίίίιεο
639 4554 743 4620 ilorci,
758 4551 871 4624 perinde
883 4566 915 4607 ac
924 4551 950 4607 in
1003 4563 1106 4609 nature
1135 4560 1231 4609 auctor
1251 4552 1307 4619 sit,
1334 4552 1381 4608 sed
1407 4552 1487 4609 etiam
1515 4554 1664 4639 sanctitatis
1691 4570 1751 4627 qum
1776 4558 1804 4613 iu

144 4641 269 4707 margine
296 4630 423 4687 editiones
454 4628 632 4696 Gcncvcnsis,
647 4626 805 4683 emendatur
831 4621 949 4701 ὅρμαιον,
963 4632 990 4694 1)
1003 4624 1047 4680 illa
1057 4636 1109 4681 est.
1126 4624 1196 4680 licus
1209 4625 1282 4679 enim
1293 4631 1335 4679 est
1345 4628 1527 4707 ortinaturom
1535 4631 1686 4681 exornant.
1699 4626 1806 4699 Quippe

145 4708 217 4779 quod
242 4702 402 4761 uocabulum
427 4701 519 4757 nullibi
540 4700 630 4769 legere
648 4696 769 4753 utemini.
788 4695 824 4750 m
838 4697 865 4752 in
881 4697 951 4749 libro
1004 4703 1191 4754 ornamentum
1204 4704 1306 4750 natrrrae
1320 4702 1362 4749 est
1376 4704 1426 4749 mta
1440 4696 1610 4767 gustalegem
1621 4711 1653 4753 ac
1665 4700 1807 4771 prescrip-

144 4778 276 4850 smttgeri
290 4776 397 4852 ίρμαιον
411 4772 617 4842 corrigebatur,
638 4769 709 4840 quod
724 4768 833 4838 propius
846 4766 951 4822 accedit
1003 4778 1059 4822 tum
1086 4769 1143 4825 llei.
1161 4767 1210 4823 llic
1231 4772 1273 4821 cst
1289 4780 1385 4821 sensus
1398 4764 1476 4836 liujus
1499 4768 1566 4836 loci,
1582 4783 1662 4839 quern
1683 4766 1807 4827 Cbristo-

145 4850 181 4908 td
199 4848 444 4915 manuscriptorum
455 4844 577 4900 codicum
588 4837 864 4897 lectionem.Certein
876 4836 950 4908 regio
1003 4838 1153 4908 pitorsonus
1168 4853 1221 4895 trun
1244 4836 1442 4893 uttlmadvetlli·
1463 4836 1529 4894 Num
1550 4838 1584 4896 tle
1602 4838 1725 4897 Ρθῐῑθθῑθ
1740 4842 1807 4899 nibil

147 4923 242 4980 μαργο,
257 4922 335 4999 iperi
347 4919 452 4988 tegitur,
467 4930 500 4971 er
513 4930 568 4986 qno
587 4913 762 4985 conjiciebam
775 4908 948 4965 scribendum
1002 4908 1073 4977 dico,
1087 4926 1166 4980 quem
1182 4922 1263 4981 poene
1277 4908 1379 4991 ubique¹
1388 4909 1617 4975 imperitissimum
1627 4909 1804 4981 deprebendi.

146 4975 300 5073 αςςηῖρμηί,
317 4991 409 5057 idest,
427 4987 639 5043 lundmuontmn.
659 4984 801 5054 Eleganter
815 4995 952 5037 resurree·
1002 4980 1031 5037 ln
1055 4982 1148 5037 codice
1171 4989 1260 5065 tamen
1277 4977 1400 5063 lolem.
1417 4975 1536 5037 'l'urncbi
1557 4996 1590 5037 ac
1612 4982 1716 5049 Sarilii,
1728 4992 1756 5041 et
1778 4987 1805 5041 in

146 5069 249 5123 tionem
265 5060 369 5119 borrrlni
383 5069 459 5116 cocat
473 5058 674 5113 lurrdmnentum
687 5054 880 5126 promissionis.
895 5051 951 5107 Nec
1002 5050 1111 5107 schedis
1125 5053 1207 5123 rogits
1231 5050 1357 5106 serrbttur
1369 5053 1465 5135 obrias·

147 5140 219 5196 nrale
244 5134 506 5203 christophorsonus
530 5130 622 5201 pignus
647 5126 823 5197 μεοηιίεείοηίε
848 5124 948 5191 vertit,
1038 5121 1066 5179 ‘ll
1078 5126 1143 5183 κατὰ
1156 5125 1232 5201 φύσιν
1243 5126 1306 5188 ζωή·
1321 5121 1496 5179 studendum
1507 5124 1599 5183 imi
1615 5124 1678 5181 orio
1694 5130 1763 5193 iuri.
1779 5135 1809 5184 iti

166 5210 218 5267 nod
235 5209 307 5265 idem
327 5214 379 5261 cst.
396 5203 495 5270 Pignus
506 5201 578 5259 enim
595 5214 643 5269 pro
664 5200 834 5254 lirmamento
851 5196 949 5261 daton
1004 5211 1037 5253 ex
1049 5196 1181 5267 superiori
1195 5192 1497 5265 annotationcapparet,
1508 5209 1562 5249 uuo
1573 5194 1805 5267 νοείνοθεοσέθιια.

147 5228 220 5338 inde
234 5282 358 5356 ἐνέχυρον
373 5276 471 5331 dicitur
484 5288 499 5327 a
511 5270 622 5329 Crucis.
641 5270 670 5327 ln
682 5266 894 5326 coelectores
906 5265 953 5323 Sa·
1004 5268 1107 5335 idest,
1130 5266 1245 5349 religio,
1262 5275 1450 5349 ornamentum
1465 5273 1508 5322 est
1527 5271 1639 5349 nature.
1655 5267 1684 5325 ln
1700 5272 1807 5398 νεείροιε

147 5353 232 5411 ,γῆς
333 5349 461 5411 seriptum
477 5344 577 5400 incerti.
1004 5347 1094 5395 numm
1109 5339 1224 5394 lectione
1233 5351 1294 5407 puts
1302 5336 1389 5392 subsit
1397 5338 1640 5410 marcescentium
1651 5356 1704 5397 non
1715 5357 1741 5397 νι
1761 5357 1806 5398 eo.

181 5372 333 5483 affl
390 5418 417 5476 δέ
440 5417 526 5474 πολλῶ
545 5416 633 5475 πλέθη.
656 5412 714 5469 Nou
732 5408 867 5468 assentior
886 5408 952 5464 ciris
1006 5410 1051 5467 Sic
1067 5408 1200 5465 Eusebius
1220 5419 1311 5464 noster
1330 5408 1413 5465 libros
1432 5407 1467 5465 tio
1481 5410 1534 5464 rita
1554 5409 1621 5481 imp.
1637 5410 1807 5470 Constantini

148 5497 236 5553 doctis
257 5446 319 5566 pigui
334 5440 393 5551 iiico
404 5506 465 5547 cum
484 5474 699 5557 pr'eoettenttbus
713 5482 901 5550 crrntirmantcs
915 5480 952 5536 ita
1004 5480 1142 5552 inscripsit
1166 5483 1227 5557 περι
1246 5486 1291 5537 τοῦ
1305 5482 1372 5537 aar&
1385 5484 1446 5539 Θείν
1457 5481 1528 5555 βίον.
1545 5480 1572 5537 ln
1598 5483 1678 5555 regiis
1700 5482 1809 5541 schedis

148 5570 157 5625 γ
193 5540 259 5625 ,,,,γ’;
294 5572 341 5624 ,ας
359 5564 414 5620 ,ἀτη
428 5561 510 5618 πολλὰ
522 5561 614 5621 πλήθη,
629 5568 682 5614 etc.
696 5554 763 5613 llarn
774 5555 795 5610 si
807 5553 859 5608 boc
871 5552 952 5608 modo
1002 5552 1417 5636 εοείθίιυεείαατίιαὸομονζῳοί.
1715 5570 1717 5575 “

147 5586 294 5713 tigamusi
316 5589 404 5708 iuipta
426 5632 507 5688 luerit
529 5630 670 5703 repetitio,
687 5643 747 5683 eum
763 5633 841 5681 attteu
853 5623 954 5681 dixerit
1039 5624 1234 5719 Ἐποιεαροίτηηε
1246 5628 1308 5715 γάρ.
1324 5624 1500 5681 scribentium
1518 5625 1699 5713 έπεαεηροίτηκε
1717 5626 1745 5684 δέ
1767 5630 1809 5713 εθ-

148 5710 356 5769 Constantinus:
367 5706 458 5783 pune
467 5704 732 5776 dlomoiiirtm‘i
742 5696 790 5757 tili
808 5696 953 5779 ‘istim
1024 5701 1115 5781 'rpior
1129 5720 1157 5754 ον
1168 5698 1243 5789 παέά
1256 5718 1343 5783 W·
1356 5704 1409 5751 ⁰⁸⁰·
1424 5696 1504 5753 cem
1517 5712 1545 5753 ¹¹¹
1554 5699 1648 5755 ⁰⁰⁶¹ae
1660 5696 1728 5754 Μ·
1742 5714 1810 5757 'm'

149 5786 240 5841 rerbis
264 5782 455 5838 Constantinus
481 5778 635 5833 uniuersam
659 5774 766 5845 plebem
799 5767 952 5826 'tbebcam
1008 5777 1076 5859 ‘rtur
1090 5770 1267 5856 ίπινεαρατοκι
1283 5767 1299 5825 δ
1318 5769 1347 5825 oi
1360 5770 1471 5844 μιτθῖωί
1489 5770 1608 5847 “iiiiii'‘
1619 5770 1705 5845 mota,
1718 5772 1809 5829 Μ’

148 5856 246 5911 talanat
260 5868 336 5910 more
354 5852 585 5908 concionaturum.
596 5846 686 5913 Quare
700 5841 783 5899 rerba
795 5843 856 5900 illa:
872 5862 954 5913 μααα·
1004 5858 1127 5897 cremor
1139 5842 1203 5911 ⁰¹0⁹,
1219 5849 1273 5897 0¹⁰·
