3975 6292
168 309 220 369 tat
766 308 984 373 nouuueurn
1006 302 1153 377 teratu
1779 330 1833 393 sss

168 425 268 483 mittier
280 422 359 497 sigua
368 422 481 495 gloriosi
494 430 629 499 martyres
638 434 784 485 erexerunt
794 444 802 496 ;
814 429 915 500 ubique
927 422 1014 496 cevA
1029 443 1273 509 suggerereturque
1286 435 1357 510 quod
1381 450 1396 495 a
1416 440 1618 514 magistratibus
1631 445 1832 507 hiutiuensium

168 513 306 575 tetrantes
318 528 353 572 ex
368 528 443 571 mors
463 508 599 573 dominica
612 528 800 587 sacramenta,
816 534 832 576 a
857 520 978 581 colonias
1031 528 1181 583 transmissi
1205 538 1297 588 essent
1309 527 1455 589 Christiani
1477 536 1522 603 qni
1541 544 1636 595 contra
1659 538 1833 601 interdictum

170 609 374 683 magistratibus
387 618 468 681 atquc
478 608 513 665 ab
526 610 586 681 ipso
600 612 760 669 stationario
776 613 862 671 milite
874 628 973 687 appre-
1029 620 1225 691 imperatorum
1241 634 1267 681 et
1288 620 1425 684 Caesarum
1447 628 1589 686 collectam
1605 628 1770 693 dominicam
1785 650 1833 695 oe-

171 702 336 767 benduntur,
346 700 508 758 Saturninos
519 704 661 777 presbyter
676 718 738 761 rum
762 704 825 763 liliis
845 716 972 778 quatuor,
1030 714 1199 783 lebrasseut,
1220 720 1338 791 primum
1361 723 1508 794 proconsul
1532 722 1657 783 bactrum
1682 726 1833 804 interrogat

156 794 200 885 ⁸id
212 802 271 862 est,
291 794 438 851 satttrnino
456 794 565 867 juniore
584 802 613 854 oi
631 790 723 856 Felice
741 798 903 869 lectoribus.
920 801 977 858 iis·
1029 810 1111 882 cujus
1122 821 1197 868 esset
1215 812 1379 871 conditionis
1391 824 1416 872 et
1431 822 1520 873 utrum
1535 816 1678 877 collectam
1702 820 1831 881 fecisset:

172 888 213 945 ῆι
226 886 447 957 iantiifflffll‘ldfl,
469 885 606 948 ”filatim
625 890 747 959 lnlaate,
768 893 888 967 itemque
903 896 978 953 natt-
1030 902 1077 975 qui
1092 918 1152 960 cum
1167 920 1197 962 se
1211 904 1387 965 christianum
1402 918 1430 965 ct
1449 911 1475 967 iu
1491 912 1607 970 collecta
1623 914 1708 973 luisse
1722 918 1834 989 prostre-

172 994 242 1052 rus‚
259 984 303 1053 qui
326 992 353 1040 et
366 994 485 1051 serrator,
505 984 601 1054 Felix,
623 985 692 1042 elius
705 984 802 1057 Felit.
817 988 977 1060 Enterilttu,
1032 1004 1119 1066 retur,
1134 1008 1230 1057 auctor
1240 1001 1275 1057 ab
1288 1002 1348 1075 ipso
1362 1000 1533 1063 collectionis
1546 1010 1726 1068 sanctissimae
1739 1024 1835 1083 postu·

172 1075 333 1147 stffliiiflffl·
349 1075 515 1147 fl⁰i⁸⁸5²lffl⁸
526 1120 534 1146 2
547 1078 662 1148 0⁰5⁰&ss
673 1121 682 1148 ι
694 1078 891 1149 Mutilum,
904 1080 979 1140 The·
1032 1086 1120 1157 latur,
1146 1092 1291 1165 statimque
1303 1094 1416 1166 jubetur
1427 1094 1547 1155 osticium
1563 1100 1689 1160 eumdem
1710 1105 1737 1161 itt
1751 1121 1836 1177 equu-

171 1168 244 1239 iica,
261 1170 444 1243 liugatiatrnt,
465 1170 603 1244 liogatus,
623 1172 767 1232 ianuarias
788 1176 976 1247 ,cassianus,
1032 1180 1104 1239 lcum
1119 1182 1263 1243 sublevare
1274 1194 1472 1262 extensumque
1483 1190 1590 1267 ungulis
1601 1210 1764 1267 preparare.
1779 1196 1835 1257 Sed

173 1263 361 1332 Vicltflfflut,
394 1264 572 1334 Vincentius,
602 1264 782 1334 coritianos,
822 1266 976 1339 Ηθῦῑῑῑιιῐῦ,
1032 1288 1094 1333 cum
1110 1278 1341 1355 earortcesjussa
1359 1283 1480 1343 crudelia
1495 1282 1582 1345 atroci
1604 1284 1835 1349 uelocitateeom-

172 1356 283 1427 Primi,
298 1356 353 1414 Eli
364 1397 373 1425 t
386 1354 565 1431 firmabimus,
578 1358 736 1431 Gillium.
751 1360 882 1434 Rogatus,
893 1362 977 1420 P0m·
1032 1368 1157 1442 pierent,
1173 1380 1331 1447 starentque
1354 1378 1499 1436 saeuientes
1513 1380 1539 1437 iu
1555 1378 1655 1451 dictis,
1671 1392 1699 1439 et
1713 1382 1836 1443 denuda·

174 1450 276 1522 portia,
299 1447 608 1519 Secunda,ianuaria,
634 1452 800 1523 Saturnius,
826 1454 978 1525 hlartinus,
1033 1462 1068 1519 iis
1092 1456 1126 1519 ad
1148 1462 1258 1523 uulnera
1283 1469 1411 1543 martyris
1435 1464 1583 1542 lateribus,
1607 1473 1705 1531 erectis
1727 1478 1837 1550 ungulis

174 1538 556 1617 stautns‚ltetrx.itargareta
567 1545 664 1618 major,
685 1544 833 1616 honorata,
856 1546 978 1622 hegiola,
1033 1551 1227 1628 imminerent,
1248 1557 1339 1619 subito
1361 1576 1424 1621 sese
1445 1564 1626 1638 permedium
1640 1562 1753 1627 ‘lhelica
1777 1562 1836 1627 lor-

174 1634 346 1692 iietorianns
357 1676 365 1703 ‚
376 1634 520 1704 Pelodes,
542 1637 669 1710 Faustus,
682 1638 829 1711 Dasianus,
844 1642 977 1713 Matrona,
1033 1650 1154 1706 tissimus
1165 1661 1269 1727 martyr
1282 1654 1425 1712 tormentis
1438 1656 1554 1730 subiecit
1567 1662 1595 1717 ct
1608 1660 1750 1733 clamauit,
1768 1663 1837 1733 Qttis

170 1727 299 1813 Caecilia,
325 1730 460 1801 Victoria,
495 1732 661 1805 lierectioa,
691 1736 812 1795 secunda
834 1736 979 1809 blatrona,
1033 1740 1174 1801 christiani
1188 1760 1280 1803 sumus
1294 1760 1364 1817 utos,
1380 1740 1450 1817 lios,
1463 1749 1571 1823 iuquit,
1586 1751 1758 1828 collegimus.
1775 1756 1839 1815 Sta·

174 1818 315 1881 ianuaria.
992 1836 1135 1907 Btimque
1156 1839 1328 1911 proconsulis
1351 1841 1425 1899 lumr
1443 1844 1563 1913 exarsit,
1585 1854 1613 1902 et
1635 1846 1837 1921 ingemiscens,

208 1914 253 1974 ltl.
273 1916 326 1987 Qui
340 1916 505 1990 apprehensi
522 1919 742 1992 producebantur
754 1922 860 1982 alacres
874 1920 909 1981 ad
933 1922 976 1983 lo·
1031 1928 1147 2001 spiritali
1157 1918 1378 2005 gladiogr‘atirer
1391 1934 1557 2005 reinmarus,
1570 1949 1718 2013 martyrem
1730 1938 1838 1999 Christi

174 2023 247 2067 mm.
260 2006 358 2067 hdhue
370 2010 398 2068 iu
409 2014 526 2085 primum
538 2014 694 2073 certaminis
705 2030 829 2089 campum
840 2018 915 2090 prior
926 2018 978 2075 ba·
1029 2024 1200 2096 grauissimis
1223 2025 1322 2085 ictibus
1342 2028 1460 2097 tutudit,
1472 2031 1499 2087 lu
1514 2030 1660 2103 equuleum
1674 2046 1838 2106 mpsesutn

174 2106 245 2163 tirus
259 2105 332 2175 ibat,
355 2120 436 2179 quem
459 2108 546 2165 saneti
559 2117 686 2181 parentes
707 2108 852 2171 candidum
868 2120 978 2169 senato-
1029 2118 1171 2187 extendit,
1186 2120 1294 2193 ungulis
1309 2122 1538 2193 perstridentibus
1554 2124 1673 2183 laniavit.
1691 2130 1727 2183 ht
1740 2136 1838 2187 serim

172 2211 232 2258 rcttr
244 2198 349 2259 eoeiesll
369 2203 453 2259 curiae
476 2206 636 2275 genuerunt.
659 2203 717 2262 lbat
739 2206 819 2263 ctiam
836 2206 979 2281 presbyter
1030 2212 1247 2284 gloriosissimus
1258 2214 1368 2273 rueret
1382 2226 1484 2290 martyr
1499 2217 1587 2275 taedis
1605 2218 1642 2277 de
1655 2221 1714 2291 ipss
1725 2220 1836 2277 wuid-

174 2292 337 2351 Satuminus
351 2309 496 2354 numerosa
511 2296 626 2355 uallatus
648 2299 795 2372 propagine
809 2299 977 2358 liberorum:
1031 2319 1094 2361 exus
1109 2304 1186 2365 rabie
1202 2306 1357 2379 uniusmodi
1377 2320 1471 2379 preces
1485 2308 1600 2365 uomitu
1612 2325 1674 2367 eum
1687 2311 1839 2383 gratiamur

174 2389 251 2460 cujus
262 2399 355 2461 partus
370 2400 476 2462 partem
489 2389 543 2448 sibi
554 2392 656 2449 sociam
671 2394 802 2467 martyrio
810 2392 977 2464 destinarit,
1031 2398 1139 2456 achone
1166 2398 1322 2457 eilandebut
1338 2416 1346 2457 r
1362 2402 1418 2459 lica
1439 2402 1550 2473 gratias.
1578 2401 1607 2459 lu
1632 2404 1837 2477 nominetur,

173 2491 280 2554 partem
292 2480 334 2539 stri
344 2484 462 2540 nominis
473 2485 571 2557 pignus
581 2482 714 2543 liecicsiae
727 2484 906 2560 relinquebat.
924 2487 979 2545 lios
1031 2486 1141 2547 Christe
1155 2490 1203 2547 liei
1216 2490 1313 2558 Filius,
1326 2492 1411 2549 libera
1428 2506 1524 2551 servos
1538 2504 1610 2553 tutos.
1627 2494 1703 2553 Talia
1715 2496 1840 2567 precanti

173 2591 272 2649 agmen
286 2568 450 2636 dominicum
470 2579 654 2652 sequebatur,
676 2580 771 2652 inquo
789 2580 908 2654 loigebat
921 2597 979 2641 eoe·
1031 2582 1201 2654 proconsul,
1217 2581 1285 2651 Quis
1309 2593 1369 2653 cst,
1386 2585 1488 2657 iuquit,
1510 2594 1604 2643 auctor
1619 2597 1707 2645 tecum
1721 2603 1838 2661 cougre-

175 2668 282 2725 lestinm
297 2666 426 2741 splendor
437 2681 574 2728 annorum
586 2714 595 2741 ,
608 2677 714 2730 scutum
729 2672 790 2730 lldei
804 2714 811 2740 ,
826 2669 910 2731 lorica
919 2674 979 2747 jus·
1032 2670 1149 2743 gationis
1160 2674 1277 2732 restrui
1288 2672 1339 2745 Qui
1352 2676 1488 2734 crudelius
1500 2678 1622 2735 sevienti
1632 2678 1749 2738 earnilici
1762 2681 1839 2739 clara

174 2760 258 2831 titia,
281 2761 438 2820 saltationis
459 2762 556 2836 galea,
581 2774 609 2822 et
632 2762 738 2839 gladius
758 2763 861 2824 bifrons
888 2782 979 2825 sermo
1033 2764 1276 2839 uooerespondlt:
1292 2766 1454 2828 Saturninus
1476 2763 1618 2845 presbyter
1642 2780 1669 2829 er
1684 2788 1792 2832 omues.
1815 2774 1839 2832 0

174 2856 241 2915 lici:
257 2866 373 2929 quorum
387 2858 514 2929 prasidio
529 2858 599 2925 iulti,
616 2873 693 2931 spem
709 2860 829 2915 tletoriae
851 2858 980 2919 iratribus
1033 2870 1180 2935 martyrem
1210 2864 1355 2933 primatum
1382 2864 1509 2922 omuibus
1531 2866 1649 2924 dantem.
1678 2864 1737 2923 lion
1763 2868 1839 2925 euim

174 2948 380 3023 promittebant.
393 2950 448 3009 Sed
460 2950 517 3023 jam
536 2950 570 3007 ad
585 2950 746 3025 supradictae
758 2951 874 3009 ciuitatis
885 2967 981 3025 perre-
1032 2954 1222 3027 presbyterum
1238 2951 1368 3014 iratribus
1384 2959 1518 3029 praetulit,
1540 2958 1586 3015 sed
1603 2958 1764 3034 presbytero
1781 2958 1837 3016 lra-

175 3056 275 3105 ueruut
298 3046 395 3104 lorutn.
421 3046 594 3118 lbiprimum
614 3046 774 3119 congressi,
800 3036 980 3106 couiessloitis
1033 3055 1090 3105 tres
1109 3047 1288 3106 consessionis
1307 3043 1445 3107 consortio
1463 3048 1610 3122 copularit.
1625 3053 1772 3123 Quatenus
1787 3052 1839 3125 igi·

175 3142 293 3215 palmam
308 3142 480 3215 magistratus
494 3139 583 3216 elogio
598 3144 776 3199 sustulerunt.
792 3140 824 3200 ln
840 3144 892 3199 isto
904 3155 982 3201 nam·
1007 3212 1010 3219 .
1034 3148 1078 3196 tur
1098 3137 1262 3212 proconsule
1278 3140 1469 3211 Saturninum,
1485 3142 1604 3201 ostendit
1628 3158 1684 3200 uon
1706 3142 1779 3219 quud
1802 3142 1838 3202 ti-

174 3252 227 3310 que
250 3236 308 3293 loro
329 3235 385 3308 jam
410 3251 460 3309 pro
483 3236 625 3309 scripturis
639 3236 783 3296 dominicis
806 3222 1017 3297 dimicaveratG
1034 3233 1087 3289 iutu
1102 3234 1270 3306 prodiderit,
1284 3248 1365 3307 quent
1380 3249 1472 3293 secum
1483 3230 1616 3294 aduersus
1631 3231 1768 3295 diabolum
1787 3246 1836 3309 pa-

175 3330 293 3397 eoeium,
308 3346 369 3387 cum
392 3324 540 3388 Furtdanus
551 3332 668 3388 ciuitatis
683 3328 819 3403 quondam
836 3332 979 3404 episcopus
1032 3325 1100 3385 riter
1114 3326 1244 3386 dittticare
1266 3330 1411 3395 cernebat.
1426 3330 1475 3388 sed
1488 3336 1518 3387 ιιι
1531 3328 1569 3388 illi
1585 3322 1716 3405 panderet
1731 3326 1838 3405 integro

174 3422 323 3495 scripturas
336 3423 486 3481 dominicas
508 3424 629 3482 traderet
649 3422 816 3483 exurendas:
832 3439 899 3499 quas
916 3443 978 3484 cum
1033 3436 1064 3479 se
1086 3420 1241 3481 celebrasse
1261 3424 1423 3492 collectam,
1450 3423 1558 3497 quaudo
1580 3439 1641 3483 cutu
1665 3422 1731 3499 ipsis
1753 3428 1837 3485 etium

175 3514 349 3590 magistratus
363 3518 510 3591 sacrilegos
528 3500 584 3592 igni
597 3529 766 3590 apponeret,
786 3518 877 3577 subito
892 3519 980 3577 imber
1033 3516 1176 3589 presbyter
1197 3513 1294 3573 iuerat.
1312 3513 1436 3575 hlauabat
1457 3518 1539 3591 igliur
1554 3534 1615 3576 cum
1639 3527 1706 3577 toee
1727 3520 1837 3593 sattguis

174 3612 355 3669 serenoceio
374 3601 545 3678 diduuditur,
572 3610 640 3683 iguis
659 3606 913 3683 scripturissanetis
933 3612 993 3688 ad·¹
1035 3608 1177 3667 bominum
1204 3610 1400 3683 deprecantis,
1423 3612 1450 3669 ei
1473 3622 1669 3686 praeceptorum
1694 3608 1836 3687 Evangelii

175 3713 266 3761 motus
289 3702 474 3776 extinguitur,
499 3701 645 3776 grandines
667 3700 850 3773 adhibentur,
874 3704 979 3760 omnis·
1033 3719 1149 3773 mentor,
1164 3700 1281 3762 inimicis
1295 3706 1352 3763 suis
1363 3708 1469 3764 reniam
1484 3719 1586 3782 utartyr
1597 3703 1624 3765 in
1639 3709 1698 3781 ipsa
1711 3707 1836 3781 eorporis

173 3812 227 3868 que
246 3790 305 3867 ipsa
326 3794 401 3869 regio
417 3811 465 3868 pru
487 3796 628 3869 seripturis
650 3791 811 3867 dominicis,
837 3796 980 3856 clementis
1033 3795 1074 3854 sui
1096 3786 1258 3869 laniamenta
1274 3798 1412 3870 poscebat.
1429 3794 1504 3858 iuter
1518 3799 1591 3873 ipsos
1612 3815 1729 3874 namque
1742 3804 1837 3861 rultte·

173 3891 346 3963 furentibus,
359 3888 559 3951 devastabatur.
576 3892 615 3949 lie
626 3891 678 3948 hac
690 3890 772 3965 igitur
785 3890 892 3949 ciuitate
908 3908 980 3950 mar·
1032 3904 1093 3947 rum
1113 3891 1287 3962 gratissimos
1303 3890 1461 3962 cruciatus,
1479 3893 1594 3951 tortores
1608 3894 1709 3970 pariter
1722 3903 1753 3955 et
1774 3912 1838 3969 pro·

173 3997 249 4065 syres
272 3982 372 4044 Citristi
394 3994 521 4059 exoptata
543 3984 631 4059 prima
654 3984 763 4043 uincula
781 3994 978 4064 susceperunt3
1032 3978 1175 4039 consulem
1197 3973 1239 4039 his
1253 3982 1364 4041 uocibus
1387 3984 1578 4057 exprobrabat.
1602 3978 1705 4058 injuste
1726 3980 1835 4057 tacitis,

174 4078 326 4153 directique
335 4073 370 4137 ad
379 4074 589 4151 Carthaginem,
604 4074 708 4134 alacres
718 4092 750 4134 ac
763 4075 819 4134 lati
833 4093 882 4150 per
893 4085 979 4134 totum
1032 4062 1175 4145 infelices,
1190 4082 1285 4133 contra
1298 4072 1383 4134 licum
1404 4076 1502 4135 tacitis.
1519 4064 1590 4136 Deus
1610 4073 1759 4149 altissime,
1783 4082 1837 4140 troii

174 4174 229 4232 iter
242 4174 358 4247 hymnos
368 4172 483 4229 liomitto
498 4172 658 4243 canticaque
671 4170 831 4242 psallebant.
852 4169 979 4241 Quicum
1032 4165 1088 4225 iilis
1101 4168 1257 4227 cousetttire
1275 4170 1308 4227 ad
1324 4168 1384 4228 haec
1398 4181 1518 4242 peecata.
1532 4170 1672 4240 roesam,
1688 4172 1835 4244 inleiices,

174 4264 211 4324 ad
232 4254 357 4323 oldcium'
380 4263 490 4323 hnulini
504 4269 569 4323 tunc
591 4264 763 4337 proconsulis
785 4264 978 4339 pervenimus,
1032 4262 1163 4319 aduersus
1177 4261 1261 4319 iieunt
1277 4260 1373 4319 tacitis.
1388 4260 1564 4320 Gustodlmus
1575 4272 1709 4337 praeeptn
1727 4266 1775 4323 liei
1793 4268 1836 4323 al·

174 4370 333 4433 staremque
357 4360 384 4417 in
406 4360 466 4419 acie
486 4367 643 4417 constanter
656 4372 689 4417 ae
711 4356 827 4425 iortiter,
842 4355 980 4417 sevientis
1032 4352 1142 4413 tissimi.
1155 4352 1256 4429 injuste
1268 4350 1367 4429 agitis,
1384 4352 1521 4426 ioleiices;
1538 4356 1696 4416 innoeentes
1715 4350 1835 4419 laniatis.

174 4456 294 4525 impetus
302 4454 404 4511 diaboii
413 4452 549 4511 dominica
559 4452 712 4509 contentis
722 4450 914 4509 retundebsst.
926 4450 980 4509 Sed
1032 4444 1091 4505 Nou
1106 4461 1199 4535 somus
1214 4442 1374 4517 homicida,
1390 4463 1445 4505 uon
1464 4446 1587 4506 iraudem
1601 4448 1727 4507 iecitnus.
1746 4450 1837 4524 heus,

176 4558 237 4604 cum
253 4556 308 4603 nott
326 4553 420 4605 contra
444 4554 540 4602 omnes
557 4544 639 4601 simui
652 4544 752 4601 auilites
765 4544 868 4601 Christi
886 4539 981 4600 diabo-
1032 4540 1173 4599 miserere.
1185 4538 1294 4599 Gratias
1305 4540 1351 4597 tibi
1366 4554 1428 4613 ego.
1440 4540 1495 4599 Pru
1508 4543 1619 4600 nomine
1631 4543 1696 4611 tuo,
1711 4545 1837 4616 liornine,

178 4640 232 4699 lica
241 4638 329 4697 rabies
347 4638 528 4713 praevaleret,
543 4638 665 4713 singulos
682 4639 711 4697 in
725 4638 874 4697 certamina
889 4646 981 4711 postu·
992 4637 1022 4701 l)
1034 4634 1069 4694 da
1092 4630 1290 4693 sufferentiam.
1306 4628 1404 4692 Libera
1428 4650 1523 4693 seruos
1547 4640 1607 4693 tuus
1620 4632 1655 4693 dc
1676 4636 1837 4709 captiritatc

177 4734 251 4791 laris.
277 4734 398 4803 Quorum
418 4733 600 4791 certaminum
623 4748 730 4807 pugnas
750 4748 806 4791 uon
831 4743 886 4791 iam
912 4733 982 4793 meis
1035 4730 1114 4803 hstias
1128 4725 1232 4787 metti.
1246 4725 1355 4787 Gratias
1368 4725 1414 4785 tihi
1437 4745 1503 4803 ago,
1526 4746 1577 4789 uec
1590 4726 1696 4788 sudleie
1710 4730 1760 4790 tibi
1774 4750 1838 4806 gra-

178 4839 298 4899 cseqoar
312 4835 392 4899 quant
403 4834 552 4900 martymm
566 4825 646 4883 dictis
658 4840 667 4895 ;
681 4834 714 4883 ut
726 4834 754 4883 et
766 4826 905 4884 sarientis
918 4826 982 4885 hos·
1035 4826 1086 4882 tias
1100 4836 1192 4897 ageret
1207 4822 1317 4881 lituum
1332 4823 1431 4882 ictibus
1452 4826 1613 4898 ungularum
1628 4840 1762 4887 concussa
1784 4829 1840 4887 lor-

177 4922 213 4979 tis
232 4916 344 4976 audacia
358 4917 385 4975 iu
402 4918 542 4976 tormentis
557 4926 638 4993 atque
657 4916 757 4993 inipso
780 4918 912 4993 saerilega
937 4918 980 4977 in·
1035 4920 1088 4978 titis
1107 4918 1192 4977 lutera
1208 4921 1390 4990 sulcarentur,
1409 4914 1599 4994 profluensque
1612 4922 1755 4994 sauguinis
1769 4922 1839 4981 nuda

176 5018 304 5075 sectione
315 5026 452 5087 noscatur,
467 5017 607 5075 etchristi
620 5018 727 5076 liumiui
738 5020 914 5092 praepotentis
926 5018 982 5076 rir-
1034 5017 1163 5077 violentis
1187 5016 1317 5076 tractibus
1340 5028 1497 5087 eutuuaret,
1518 5018 1708 5091 proconsulem
1730 5020 1783 5077 sibi
1798 5020 1839 5077 di·

175 5120 221 5169 tus
235 5111 263 5168 ιιι
275 5108 417 5169 tolerantia
431 5114 582 5183 martyrum
596 5119 678 5184 atque
692 5110 720 5168 itt
734 5112 793 5185 ipsu
807 5112 983 5171 eonhssions
1033 5108 1142 5170 ceuieta
1168 5110 1290 5168 audiritt
1304 5110 1421 5185 incipies
1432 5112 1534 5170 sentire
1547 5126 1608 5186 que
1621 5124 1670 5171 rus
1688 5114 1744 5185 pati
1760 5130 1846 5186 opor.

178 5205 313 5266 laudetur.
1034 5214 1100 5265 teat.
1116 5196 1151 5263 st
1165 5202 1282 5278 adiecit:
1304 5196 1347 5263 nd
1367 5206 1494 5281 gloriam.
1516 5205 1624 5265 Gratias
1636 5219 1686 5280 ago
1702 5202 1760 5266 lieo
1780 5222 1840 5281 regd

212 5298 259 5359 li.
281 5297 350 5357 Gom
370 5296 452 5369 igitur
465 5294 501 5353 sis
520 5295 613 5355 slfioio
627 5284 785 5371 presumat
804 5298 981 5371 offerrentur,
1034 5314 1143 5359 norum.
1158 5296 1280 5373 separet
1303 5314 1416 5373 reguum
1438 5310 1591 5371 aternum,
1608 5315 1723 5375 regnum
1748 5300 1837 5359 incur·

872 5431 1010 5499 bituiti
1043 5423 1160 5499 ΝΟΜ.

176 5551 211 5611 od
232 5554 286 5611 'odi
299 5556 371 5611 eriri
383 5550 500 5621 iedttrit,
513 5554 537 5609 rt
549 5554 601 5611 roh
613 5551 828 5626 pessumdentur
838 5548 870 5611 rii
879 5554 976 5613 ildito·
1027 5565 1119 5613 curant
1133 5568 1193 5613 uoce
1207 5556 1231 5614 ei
1255 5554 1323 5614 iaie
1333 5550 1466 5629 clangore,
1491 5550 1578 5631 parati
1591 5560 1665 5614 riam
1682 5560 1743 5614 rum
1756 5554 1836 5630 impr·

177 5572 241 5682 retr?
254 5620 392 5683 demones.
415 5616 541 5693 Tritaque
560 5625 629 5683 riute
650 5634 770 5682 sonuntex
783 5636 807 5683 et
827 5623 977 5685 delebiliter·
1026 5626 1229 5685 rutareirtiauia
1242 5630 1337 5713 templo
1350 5638 1444 5699 presto
1457 5643 1523 5687 aare.

178 5692 251 5752 erasti
274 5697 376 5769 signum
389 5690 555 5755 canteuiendi
581 5698 616 5755 ad
641 5696 774 5771 temptent.
798 5696 865 5756 heta
888 5696 974 5759 sancii
1063 5698 1106 5757 ti.
1123 5698 1225 5772 inipso
1242 5700 1410 5759 iamumeiits.
1432 5690 1470 5759 lta
1485 5700 1597 5759 sundino
1613 5700 1700 5759 datie:
1721 5696 1832 5759 Ceibcr·

178 5766 325 5823 alexandri
352 5770 476 5841 manyris
502 5766 552 5827 hae
575 5770 631 5842 ipsa
652 5771 840 5842 persecutione
862 5769 972 5841 sublati,
1026 5770 1109 5833 tinus.
1124 5770 1196 5829 idem
1211 5781 1299 5830 autem
1320 5770 1372 5833 hor
1395 5776 1454 5831 ioco
1468 5771 1602 5832 raietuox
1616 5774 1643 5829 in
1657 5783 1688 5831 ac
1704 5772 1785 5840 intur
1800 5776 1826 5828 ut

176 5838 246 5911 apud
262 5838 370 5899 sottum
389 5838 434 5897 die
449 5840 483 5899 ιδ
503 5838 564 5901 licii
577 5859 583 5897 :
597 5841 690 5916 leoque
703 5858 790 5916 amaea
803 5842 893 5903 aurito
905 5860 972 5921 pre·
1024 5844 1106 5918 iutra,
1119 5860 1179 5919 cap.
1195 5845 1239 5916 tt,
1254 5845 1367 5907 animant
1380 5848 1408 5915 in
1420 5857 1546 5916 tarusettta
1557 5846 1669 5905 curreris
1680 5856 1783 5921 macas.
