3975 6292
240 229 293 286 its
863 222 1082 283 sebbettessen
1101 223 1238 281 triantis
1794 220 1831 281 ill

237 338 353 411 anrplies
368 337 530 409 postulasse.
544 336 737 396 lerunnamen
752 337 882 408 quarsdaur
897 336 1039 409 carrrbagi-
1051 340 1078 403 Α
1089 353 1150 395 csse
1165 337 1320 407 familiares,
1341 351 1391 395 nec
1419 336 1454 393 ad
1471 350 1579 395 eaumm
1593 336 1711 395 Ecclesia
1727 338 1832 409 pertirnn.
1884 334 1892 359 ¹

237 434 331 489 irensis
349 432 453 489 ordinis
477 432 550 488 uiros
564 442 656 503 postea
678 430 845 503 suggessisse
868 429 1036 500 prot-annuli,
1126 432 1159 489 Er
1182 450 1208 487 a.
1224 432 1270 490 ιι,
1291 432 1452 490 iterantem
1472 431 1543 505 quon
1564 432 1588 489 ei
1606 433 1700 505 obiectu
1715 433 1835 505 Purpureus,

236 527 310 599 quod
329 527 402 584 illusi
416 527 521 584 luerent
534 526 580 598 qrri
595 525 669 582 missi
684 532 763 581 erant
774 523 808 581 ad
822 522 1038 581 Christianorum
1090 525 1228 583 delentem
1247 541 1309 583 eem
1326 524 1409 583 luisse
1429 542 1445 583 a
1458 536 1584 583 curatore
1601 536 1628 583 et
1647 526 1732 583 ardiae
1746 534 1769 582 ut
1778 529 1837 599 scrip

237 622 387 693 scripturas
401 620 562 679 auferendas
574 631 602 677 et
614 619 808 684 incendendas,
819 619 881 691 prtia
894 634 949 675 non
963 618 1041 696 irrue3
1091 630 1165 677 terras
1177 618 1266 688 daret,
1278 620 1350 677 idem
1364 619 1506 678 Secundus
1521 620 1549 687 in
1562 618 1656 677 litteris
1667 634 1728 693 guas
1739 620 1840 677 llcrnurio

238 725 336 773 nerant
351 715 402 771 nisi
417 716 511 772 neseio
521 729 581 784 aare
595 713 629 769 nd
643 728 693 769 eos
706 729 760 771 aron
774 712 951 785 pertinentia;
967 712 1040 782 ipsas
1091 714 1278 786 rescripserat,
1295 730 1364 787 pene
1378 716 1520 771 eorrlessus
1540 723 1591 779 est,
1606 714 1651 771 ubi
1668 714 1703 769 ait
1715 714 1805 771 missurn
1818 716 1840 771 al

238 817 329 865 autent
345 807 460 864 iudotno
470 806 589 879 episcopi
601 802 743 873 custodiri,
753 804 825 861 ende
834 803 965 861 deberent
977 818 1041 874 pro-
1091 822 1121 867 sc
1136 808 1219 867 luisse
1232 826 1247 865 a
1260 821 1384 868 curatore
1399 822 1425 867 et
1439 809 1535 866 ordine
1547 809 1725 867 cornurionem
1736 820 1759 865 et
1768 808 1843 867 benela

239 898 304 958 lerri
315 898 473 958 etincendt:
489 898 678 970 proconsulem
688 912 752 955 rere
762 898 795 953 ad
810 896 1040 953 beeeiscensen·
1092 900 1216 972 clarium,
1231 912 1258 959 ct
1275 917 1336 959 ase
1354 904 1503 975 scripturas
1523 906 1631 975 petitas,
1648 902 1686 959 nel
1699 903 1843 975 quelibetcr-

237 996 291 1054 tlre
304 995 434 1052 uoluisse.
447 993 477 1051 ln
490 993 593 1051 eisdem
607 994 689 1050 etiam
699 992 797 1049 litteris
812 992 911 1049 lectum
925 1000 977 1061 est,
992 1006 1041 1049 eos
1093 994 1169 1063 bela,
1193 1012 1253 1067 quar
1267 996 1378 1067 quidem
1392 1010 1422 1053 se
1437 1011 1490 1053 non
1505 994 1650 1053 tradidisse
1663 994 1742 1051 dixit:
1755 994 1793 1051 sul
1803 1012 1845 1053 ran

239 1090 284 1163 ptri
295 1106 325 1147 se
337 1089 468 1147 ollerreot
481 1086 718 1159 persecutionibus
730 1102 784 1143 noo
798 1086 1000 1158 comprehensi,
1014 1095 1042 1141 et
1092 1088 1150 1158 ipse
1163 1088 1217 1145 illic
1229 1088 1483 1147 commemoraverit
1496 1097 1536 1145 tot
1551 1097 1691 1161 nrartyres,
1703 1088 1743 1161 qui
1755 1098 1847 1145 eruntn-

239 1183 311 1240 ultro
325 1182 448 1239 dicerent
461 1197 491 1240 se
505 1182 606 1239 babere
623 1182 783 1253 scripturas,
800 1196 867 1253 quas
879 1196 934 1237 non
949 1178 1042 1237 trade·
1093 1182 1159 1239 dere
1178 1182 1338 1253 noluissent,
1355 1184 1503 1241 excruciari
1522 1193 1550 1239 et
1563 1182 1644 1241 occisi
1660 1194 1734 1249 aarum
1747 1181 1848 1255 quonum

239 1283 312 1345 rent,
325 1291 341 1330 a
352 1275 450 1347 guribus
462 1274 516 1331 lmc
530 1290 610 1331 nemo
620 1275 777 1346 quaesierat,
788 1272 958 1345 displicuisse
967 1273 1043 1329 blen-
1094 1278 1100 1333 i
1105 1293 1151 1348 pse
1172 1276 1298 1335 delentes
1312 1287 1339 1333 et
1353 1278 1493 1335 crrnvictns
1504 1286 1531 1335 et
1545 1278 1640 1333 nolens
1657 1276 1750 1348 aliquid
1763 1276 1850 1345 baden,

239 1374 325 1442 serio,
340 1383 367 1430 et
383 1373 418 1429 ab
437 1372 479 1429 eis
496 1370 663 1429 honorandis
681 1386 743 1427 eum
761 1369 934 1442 prohibuisse
947 1366 1043 1427 cons-
1095 1370 1162 1430 nibil
1184 1371 1239 1444 pati
1254 1382 1281 1429 et
1293 1371 1392 1429 dimitti
1409 1372 1537 1443 potuerit,
1553 1387 1606 1430 nec
1621 1371 1749 1428 llcnsnrio
1763 1370 1851 1442 scripit,

239 1465 340 1523 tiseos.
359 1464 475 1535 Quidam
489 1467 570 1522 etiam
591 1464 618 1519 in
641 1463 738 1521 eadem
757 1462 871 1536 epistola
894 1461 1043 1519 facinorosi
1094 1480 1146 1521 nee
1159 1464 1292 1537 Purpurio
1305 1465 1454 1536 respondit.
1482 1464 1540 1521 Nun
1554 1466 1628 1523 enim
1643 1464 1854 1523 centurionietbe-

238 1545 423 1632 arguebantur
436 1567 464 1615 et
483 1557 542 1615 llsci
555 1556 703 1623 debitores,
723 1554 769 1627 qui
782 1556 928 1612 occasione
949 1570 1043 1625 perse·
1094 1557 1233 1614 rrcliciario
1243 1557 1310 1613 dixit
1323 1572 1354 1613 se
1365 1558 1514 1629 scripturas
1529 1573 1582 1614 non
1598 1557 1707 1626 babere,
1718 1557 1761 1614 sed
1772 1574 1855 1630 respon

238 1652 357 1710 cationis
379 1652 421 1708 uel
445 1665 538 1708 carere
564 1650 665 1706 uellent
686 1663 802 1706 onerosa
825 1648 917 1704 rnnltis
944 1647 1043 1704 debitis
1095 1648 1135 1706 dit
1154 1664 1184 1706 sc
1202 1650 1315 1708 amerino
1336 1666 1388 1707 non
1405 1650 1521 1707 tradere.
1536 1652 1614 1720 Quod
1633 1652 1671 1708 illi
1689 1651 1794 1707 auditune
1808 1668 1856 1723 geo

239 1744 307 1812 rita,
323 1743 366 1801 rel
380 1757 496 1817 purgare
510 1758 541 1800 se
556 1750 692 1815 putarent,
708 1750 736 1798 et
749 1742 829 1814 quasi
849 1740 960 1798 abluere
979 1740 1045 1797 laci-
1059 1720 1083 1783 B
1098 1742 1179 1800 nrodo
1200 1742 1248 1799 illu
1272 1742 1385 1801 dimisso
1408 1745 1562 1803 renuntiare
1592 1746 1730 1818 potuerint
1754 1746 1802 1803 sinc
1823 1759 1858 1801 tue

242 1852 310 1895 nora
323 1851 383 1903 sua,
400 1838 445 1892 vel
457 1843 532 1892 eerte
544 1834 687 1906 acquirere
701 1834 855 1906 pecuniam,
871 1842 899 1889 et
911 1836 940 1889 ln
953 1843 1045 1890 ensto-
1095 1837 1191 1905 exitio,
1210 1852 1263 1893 non
1282 1846 1409 1908 apparet;
1425 1838 1578 1909 prasertim
1593 1838 1657 1911 graia
1672 1837 1741 1894 idem
1753 1836 1860 1895 &muln

241 1928 547 2001 diadelieiisperlreide
556 1927 687 1999 obsequio
697 1926 923 1983 ctrristinnorun.
934 1924 1044 1983 Crimen
1097 1930 1295 2001 nannuoslibet
1308 1930 1425 1997 inimus,
1438 1930 1486 1989 sed
1500 1932 1581 1987 etiarn
1593 1932 1799 2001 patreslarnilias,
1817 1946 1860 1986 eun

242 2033 334 2081 tamen
359 2022 505 2081 Donatistae
524 2036 579 2079 rron
598 2022 758 2094 ingerebant
777 2019 927 2088 Hensurio,
940 2018 993 2075 uisi
1010 2018 1047 2076 de
1097 2024 1149 2081 boc
1161 2022 1233 2079 idem
1244 2024 1462 2095 persecutoribus
1474 2024 1691 2097 respondissent,
1703 2024 1864 2083 crudelissimis

242 2118 383 2177 codicibus
405 2117 529 2174 traditis:
545 2116 688 2173 mentitum
702 2131 765 2173 eam
783 2115 884 2187 quippe
905 2113 1044 2181 dicebant,
1097 2117 1229 2177 mprobus
1242 2117 1317 2177 dixit
1328 2118 1443 2177 occisos.

243 2212 317 2285 guod
340 2211 454 2269 illinon
479 2208 580 2267 luerint
601 2208 711 2265 codices
734 2207 832 2277 sancti,
854 2215 883 2265 et
904 2213 1044 2278 peecatum

242 2320 323 2363 suern
346 2315 440 2378 tegere
460 2303 588 2369 voluisse,
613 2302 737 2375 quanruis
753 2310 782 2358 et
799 2302 885 2368 ipsam
908 2300 1046 2358 factionem

243 2399 462 2456 criminarentur.
487 2396 647 2455 Recitarnnt
668 2394 750 2452 etiam
772 2398 903 2466 rescripta
926 2394 1047 2453 Secundi
1098 2374 1180 2451 (ffli-
1195 2392 1204 2432 ¹
1219 2384 1308 2432 willa
1322 2374 1503 2443 Gaudentium,
1519 2393 1577 2451 “ll’-
1592 2377 1639 2445 57·
1657 2394 1685 2433 n.
1701 2377 1744 2445 ⁴⁷»
1757 2377 1793 2433 ⁶⁰¹
1802 2376 1866 2445 ⁷[lii

245 2491 387 2564 Tigisitani
403 2491 438 2547 ad
459 2490 585 2547 eumdem
600 2488 764 2547 blensnrium
781 2489 893 2561 paelllee
908 2488 981 2555 data,
1001 2488 1046 2546 ubi
1135 2488 1192 2547 lloe
1205 2496 1295 2547 autern
1307 2488 1449 2547 Secundus
1461 2491 1543 2547 etiam
1559 2490 1586 2548 in
1599 2490 1701 2549 litteris
1712 2492 1766 2547 suis
1776 2490 1804 2547 ad
1816 2489 1869 2547 ller-

244 2586 345 2658 etipse
364 2585 496 2652 narrauit,
516 2583 544 2651 in
558 2582 682 2639 Numidia
701 2590 890 2656 persecutores
906 2597 967 2651 quar
984 2596 1048 2654 ege·
1098 2585 1202 2640 seriem
1217 2583 1296 2651 dantis,
1312 2600 1379 2657 qaas
1393 2600 1443 2641 uos
1457 2584 1508 2655 ipsi
1525 2585 1679 2655 pretulistis
1692 2596 1768 2657 atoue
1781 2585 1867 2643 recitas·

245 2679 318 2736 rint:
333 2688 361 2736 et
370 2678 416 2751 qui
426 2676 616 2750 comprelreesi
627 2686 654 2734 et
662 2675 811 2748 scripturas
820 2685 927 2733 sanctm
937 2676 1047 2733 tradere
1099 2675 1153 2743 tis,
1167 2677 1225 2733 sinc
1239 2677 1415 2749 ambignitate
1429 2678 1571 2735 coalescas
1584 2687 1644 2749 cst,
1661 2680 1733 2753 praed
1745 2696 1792 2737 nen
1804 2678 1869 2735 tradi·

242 2772 377 2842 nolentes,
398 2782 427 2830 et
440 2773 523 2829 multa
543 2772 614 2827 mala
628 2770 700 2841 passi
714 2780 743 2827 et
755 2768 924 2842 grauissimis
943 2768 1049 2841 suppli·
1098 2767 1186 2838 derit,
1206 2769 1254 2827 sed
1274 2771 1346 2843 qrtod
1369 2771 1403 2828 ad
1421 2788 1482 2829 earm
1502 2772 1679 2845 pervenerint
1700 2789 1715 2829 a
1737 2780 1872 2831 ceratoreet

244 2869 296 2925 ciis
308 2868 457 2927 excruciati
467 2874 495 2924 et
507 2866 590 2924 occisi
602 2874 666 2923 sunt
679 2881 686 2919 :
701 2880 804 2938 eosque
814 2865 989 2923 honorandos
1000 2878 1048 2937 pro
1099 2863 1194 2921 ordine
1214 2864 1289 2921 missi
1306 2874 1508 2937 persecutorem
1522 2882 1590 2939 quos
1604 2868 1630 2924 ei
1644 2868 1790 2939 l‘urpurius
1802 2867 1872 2923 tirna-
1951 2890 1952 2945 g

243 2959 371 3032 martyrii
387 2958 431 3016 sui
451 2958 550 3015 merito
569 2956 779 3024 commendarit,
795 2956 908 3015 laudans
926 2972 976 3015 eos
994 2972 1048 3015 non
1100 2958 1183 3014 tensis
1196 2956 1311 3029 objecit,
1328 2968 1357 3014 ut
1373 2958 1521 3029 scripturas
1541 2958 1662 3017 traderet
1679 2978 1686 3016 :
1701 2976 1766 3033 grras
1784 2975 1834 3017 cun
1848 2959 1874 3015 ab
1952 2956 1953 2999 l

243 3055 392 3112 tradidisse
411 3055 561 3125 scripturas
580 3061 700 3119 sarrctm,
720 3050 794 3107 illius
815 3050 938 3108 mulieris
956 3066 1066 3109 esem·
1099 3048 1146 3107 illo
1159 3060 1297 3123 peterent,
1312 3065 1343 3107 se
1356 3052 1539 3125 respondisse,
1562 3052 1728 3111 Gloriatinmra
1738 3070 1790 3111 rtur
1802 3062 1822 3109 et
1834 3051 1875 3123 ιμ’·

245 3149 302 3219 plo,
317 3163 379 3220 quae
393 3145 463 3203 duos
477 3145 664 3216 exploratores
684 3144 712 3199 in
726 3142 836 3201 lericbo
851 3142 942 3215 (larue
962 3144 1004 3214 n),
1020 3144 1047 3201 iu
1061 3122 1085 3186 C
1100 3159 1203 3217 tropat,
1217 3160 1269 3200 non
1280 3145 1400 3213 traditor,
1415 3146 1509 3217 eisque
1524 3146 1589 3203 nibil
1610 3150 1725 3205 amerino
1736 3148 1831 3205 tradere
1841 3160 1875 3200 to·

244 3238 345 3311 quibus
358 3237 538 3311 ligurarentnr
552 3236 605 3292 dno
619 3242 793 3305 tmtaruenta,
805 3244 883 3292 retus
895 3244 921 3291 et
934 3250 1047 3305 norum,
1101 3238 1195 3295 luisse.
1209 3238 1286 3307 erod
1300 3238 1326 3294 ei
1341 3238 1421 3312 rapitis
1439 3248 1469 3295 ut
1486 3239 1645 3311 credamus,
1659 3258 1725 3299 cum
1743 3251 1770 3299 et
1781 3256 1823 3298 ves
1838 3238 1877 3310 ipsi

245 3332 356 3389 tradere
378 3328 599 3401 persecutoribus
620 3328 718 3383 noluit.
734 3327 810 3397 Quod
825 3327 934 3398 atridem
955 3342 1050 3385 exem·
1100 3348 1180 3403 quam
1196 3333 1231 3389 sit
1245 3333 1401 3389 incredibile
1416 3334 1547 3404 uideatis,
1567 3335 1693 3395 terrente
1714 3340 1758 3395 illa
1775 3351 1877 3409 master

245 3428 319 3502 plum
332 3426 355 3483 si
366 3425 417 3482 sub
430 3424 480 3480 bac
492 3424 577 3495 ligera
595 3430 639 3479 est
651 3420 865 3494 intelligendum,
880 3420 1048 3477 llensurinm
1100 3426 1329 3485 tionedetentum
1346 3428 1504 3503 episcopum
1517 3432 1575 3488 sire
1588 3444 1754 3491 censentem
1769 3442 1794 3488 ut
1809 3430 1878 3499 scrip·

244 3524 336 3597 petiae
347 3518 502 3593 adjurabat.
523 3518 552 3574 ln
567 3516 624 3573 suis
638 3516 712 3573 enirn
729 3516 825 3573 litteris
837 3515 990 3572 lleuserins
1005 3530 1050 3573 re·
1102 3528 1176 3577 turas
1189 3518 1340 3579 dominicas
1351 3522 1480 3591 traderet,
1498 3524 1579 3581 trullis
1594 3525 1704 3583 traditis
1716 3524 1880 3583 luissedimis

243 3614 486 3691 prebendebateos
507 3612 554 3685 gei
565 3607 713 3682 scripturas
726 3618 845 3678 sanctas,
861 3610 985 3680 quamvis
998 3624 1045 3665 eas
1089 3626 1172 3669 ,sum
1193 3612 1296 3684 Nempe
1312 3614 1517 3672 contendebatis
1544 3631 1598 3675 non
1617 3618 1745 3689 potuisse
1761 3618 1881 3688 episcopos

244 3724 300 3767 non
319 3707 467 3774 traderent,
490 3720 521 3763 se
543 3712 634 3763 ernau
658 3702 760 3761 babere
783 3701 951 3772 latererrtur;
973 3700 1048 3773 quod
1101 3706 1134 3762 ad
1156 3706 1336 3763 ordinandum
1357 3708 1514 3780 episcopum
1535 3710 1568 3767 ael
1593 3712 1734 3771 ciuitatem
1754 3711 1881 3769 cirtensem

244 3805 343 3862 mulier
363 3802 409 3859 illa
429 3816 484 3860 nou
499 3798 574 3858 lecit.
594 3798 689 3871 Neque
703 3798 776 3855 euim
794 3812 844 3855 eos
861 3798 1061 3868 errplorutores¹
1101 3802 1298 3873 persecutionis
1311 3802 1596 3873 temporeconvenire.
1612 3807 1758 3875 Qumnodo
1770 3812 1896 3879 ergoprr·¹

242 3897 290 3970 qui
304 3895 505 3969 querebantur,
520 3891 592 3965 apud
606 3907 638 3948 se
651 3905 712 3947 esse
726 3888 916 3957 oculessattt,
937 3887 985 3946 sed
998 3902 1049 3944 tte·
1101 3896 1206 3954 secutio
1228 3895 1273 3953 illa
1298 3895 1436 3962 larebat,
1460 3898 1483 3955 si
1513 3900 1598 3969 proterit
1626 3900 1774 3974 episeopus
1796 3908 1885 3973 propter

243 3990 325 4063 gavit.
337 3988 453 4060 Scripsit
464 3988 545 4044 etiem
558 3984 713 4052 &tondum
724 3993 753 4041 et
762 3982 797 4039 tt!
809 3998 839 4039 ιθ
851 3984 939 4054 iesum
951 3982 1050 4039 trtitttt
1101 3990 1249 4063 scripturas
1259 3989 1403 4049 tradendas
1417 3990 1514 4061 teneri,
1529 3991 1663 4065 nullisque
1674 3994 1783 4051 traditis
1795 3992 1887 4065 inpune

243 4092 402 4140 aeeratore
418 4090 446 4138 et
459 4079 555 4137 ordine
576 4078 762 4136 ceruturiouent
783 4086 811 4133 et
832 4076 1048 4147 benellciarinm,
1101 4080 1217 4140 dimittil

242 4174 290 4248 qni
306 4182 429 4248 peterent
441 4172 548 4228 diuinos
568 4170 679 4228 codices
698 4169 864 4237 exurendos,
891 4170 985 4241 eisque
1007 4184 1049 4226 re·
1426 4192 1496 4235 gnua
1515 4176 1582 4237 505.

243 4268 398 4340 spondisse,
414 4264 576 4323 Clariatiortar
587 4282 644 4321 rant
658 4275 682 4320 et
693 4266 839 4336 episeopus,
861 4280 914 4320 non
928 4264 1047 4320 truditur.
1276 4293 1369 4353 ACTA
1388 4293 1536 4353 comm
1553 4294 1738 4356 CIRTENSffi

244 4363 283 4421 Et
309 4378 371 4420 cunr
397 4361 432 4419 ab
451 4374 486 4418 eo
512 4360 613 4417 uellent
632 4359 720 4431 allqea
748 4356 862 4428 Ecbnla,
890 4368 936 4414 aut
959 4357 1049 4430 quod·

1382 2274 1445 2317 loeti
1460 2276 1493 2317 ΕΙ
1511 2275 1611 2319 Rom.

248 4470 365 4527 cumque
381 4455 522 4527 accipere,
542 4452 703 4526 nequeboc
720 4454 760 4510 eis
784 4451 903 4524 dedisse,
922 4454 1050 4525 exemplo
1105 4410 1170 4481 Qum
1183 4420 1415 4468 ⁶⁰'”m²”¹⁰'⁰m¹‘'
1435 4411 1467 4466 “b
1486 4410 1596 4483 opm’
1615 4410 1660 4469 ιώ·
1683 4428 1709 4481 ¹’
1726 4410 1796 4485 ψ’
1816 4428 1840 4483 Ρ·
1855 4405 1890 4463 u'

247 4548 367 4606 menapi
388 4548 551 4607 Macppgpaep
563 4548 573 4618 (
587 4562 607 4604 ῃ
624 4546 696 4601 plag,
712 4562 751 4614 gg,
776 4545 844 4619 24),
864 4546 911 4617 qui
933 4561 983 4604 ,ιω
1002 4546 1053 4605 pn.
1066 4528 1093 4591 D
1108 4526 1162 4603 (Ea
1181 4529 1343 4603 deportabo,
1362 4528 1407 4585 iio.
1430 4545 1460 4586 nr
1479 4540 1570 4586 contre
1592 4529 1760 4585 Cretensium
1780 4544 1835 4600 cop.
1854 4524 1891 4589 ti,

247 4658 312 4715 gere
325 4642 416 4723 ‘noluit
432 4640 541 4699 suillam
558 4656 670 4700 carnem
691 4654 721 4697 se
741 4639 916 4709 manducare,
938 4656 975 4699 ue
993 4640 1055 4699 aliis
1304 4638 1331 4677 ⁸·
1347 4620 1393 4689 5⁰2
1410 4630 1472 4677 ¹⁰ll·
1491 4638 1540 4691 ¹¹2
1556 4620 1606 4679 ⁶⁰¹·
1630 4619 1707 4694 ⁵¹⁰)-

248 4734 383 4807 praeberet
393 4734 625 4804 praeuaricationis
637 4732 804 4804 exemplum.
816 4732 863 4789 llae
870 4733 968 4790 litterae
977 4732 1052 4791 llen·
1143 4734 1311 4793 Diocletiano
1325 4734 1420 4800 octies,
1437 4742 1465 4791 et
1485 4733 1648 4790 llaximianu
1666 4735 1770 4803 septies
1789 4727 1893 4789 eorrsuli·

247 4827 315 4885 aurii
326 4835 355 4883 et
362 4826 481 4884 &eundi
489 4827 579 4885 donec
591 4825 707 4900 legendo
715 4827 936 4893 terminarentur,
950 4826 1051 4884 Catlro-
1106 4827 1167 4896 ltus,
1183 4836 1279 4900 quarta
1292 4841 1378 4883 nonas
1392 4826 1491 4892 martii,
1503 4824 1595 4893 Cirtas,
1613 4841 1675 4882 cum
1690 4825 1833 4884 Secundus
1850 4820 1896 4892 epi

249 4920 296 4981 lici
312 4919 446 4995 patienter
459 4918 622 4989 audieruut;
639 4920 762 4994 quamtis
777 4920 870 4979 tested
884 4919 985 4979 luerint
1003 4934 1050 4979 eas
1105 4936 1203 4995 scopas
1225 4919 1391 4995 'ligisitanus
1419 4920 1514 4992 primae
1544 4918 1680 4978 eatltedra
1691 4918 1857 4979 consedisset
1874 4912 1896 4971 ie

946 5058 1084 5120 VALESll
1102 5056 1219 5119 NOTAE.

184 5164 196 5175 ⁵
286 5179 394 5240 liciole.
419 5181 468 5239 llic
492 5179 619 5236 dicuntur
637 5176 823 5249 eiectamenta,
839 5175 896 5232 ‘see
923 5189 969 5231 res
983 5188 1049 5259 qua·
1102 5176 1224 5249 gustinns
1236 5173 1304 5231 inira
1320 5174 1346 5230 in
1358 5170 1501 5233 Brericrrlo
1511 5172 1675 5242 collationis,
1692 5174 1737 5232 die
1747 5172 1777 5240 d,
1791 5188 1848 5245 cap.
1861 5166 1898 5253 li.

250 5270 311 5313 rum
335 5256 425 5312 nullns
438 5264 480 5310 est
497 5266 573 5308 uses.
590 5248 648 5305 llum
672 5248 788 5318 pertinet
811 5246 876 5303 illud
896 5246 998 5304 Silvam
1022 5247 1049 5303 in
1102 5246 1327 5319 npudbpratum,
1338 5246 1385 5304 lib.
1401 5262 1410 5302 ι
1424 5256 1517 5303 contra
1528 5246 1753 5314 Parmenionem,
1767 5246 1838 5302 idem
1849 5242 1900 5323 Crt-

251 5327 319 5384 actis
338 5342 420 5398 supra
439 5325 533 5382 relatis
553 5322 601 5377 lib.
617 5336 657 5383 nr,
673 5328 767 5375 contra
786 5316 962 5375 cresconium
985 5332 1047 5389 cap.
1102 5318 1188 5377 tensis
1196 5332 1339 5375 consessus
1351 5328 1458 5375 notatur
1468 5318 1639 5392 lrabitnspoat
1648 5312 1900 5392 praetermittentem

251 5398 306 5455 29:
321 5397 398 5455 bibit
410 5399 453 5453 bic
462 5394 594 5453 renuendi.
607 5399 687 5447 toturn
702 5393 749 5444 ¹¹⁰0
763 5389 894 5463 ejecimus.
1108 5390 1233 5448 dldnrtrrr
1250 5388 1399 5457 blainum,
1415 5390 1459 5446 nbi
1474 5392 1685 5463 persecutionem,
1702 5404 1756 5445 non
1773 5382 1900 5448 Maxentii,

288 5470 451 5527 diocletiano
470 5469 559 5524 oetier.
574 5464 655 5522 Gesta
667 5463 726 5518 baec
743 5461 873 5517 Cirtensis
891 5458 1005 5517 Consilii
1024 5458 1052 5515 in
1108 5465 1147 5520 uti
1164 5462 1461 5533 elbaspinaeuuuotuit,
1474 5459 1522 5517 sed
1537 5462 1654 5517 redicam
1666 5460 1859 5522 tradendorum,
1873 5468 1901 5510 er

252 5543 402 5616 exemplari
413 5540 484 5611 ‹puod
497 5534 715 5608 Canbaginensis
728 5530 1056 5601 collationistemporedl-
1109 5535 1259 5621 Arrgustino
1274 5535 1302 5591 in
1315 5534 1370 5591 llere
1381 5534 1477 5604 capitis
1491 5533 1670 5603 precedentis
1684 5533 1831 5605 intelliges.
1846 5528 1901 5609 Ges·

253 5614 379 5685 ligantias
392 5614 542 5681 inspectum
564 5609 624 5673 init.
639 5605 795 5677 consignata
816 5612 893 5687 erant
911 5618 980 5659 anne
999 5612 1056 5687 post
1110 5616 1178 5664 saun
1193 5608 1251 5662 lraee
1262 5606 1419 5679 persecutio
1430 5604 1729 5664 consulatubioeletian
1743 5620 1772 5661 rx
1787 5611 1816 5661 et
1828 5600 1902 5659 llan-

254 5686 419 5743 Conrrtlelnnr
426 5683 581 5739 Diocletiani
588 5679 673 5736 nonies
682 5688 705 5733 et
717 5676 870 5731 Maximiano
879 5676 970 5737 octies,
983 5684 1057 5729 tertre
1112 5679 1194 5737 miani
1208 5693 1266 5735 vett.

255 5744 463 5825 mnerbertier,
472 5755 499 5813 id
509 5762 561 5825 est,
571 5748 824 5819 annotaristieoo,
838 5754 867 5804 ut
879 5754 991 5804 testatur
1002 5746 1058 5803 be·
