3975 6292
194 284 246 349 tit

840 268 1068 337 consisitunt
1082 266 1189 332 batum

1799 255 1854 337 titi

193 404 319 478 λάρνακας
331 398 518 473 ἀποπταμένη,
539 396 582 457 ini
597 396 659 460 τινα
677 404 723 459 τοι
745 394 867 471 καμόντα
887 394 998 456 κόλπους
1012 395 1035 457 A
1051 404 1111 461 nnn
1136 390 1162 445 in
1186 386 1289 445 ιιιιιιιθο
1300 394 1364 443 sunt
1378 382 1511 455 exbtnat,
1526 396 1643 457 οιιιιιιριιο
1656 396 1750 441 eornm
1762 390 1853 445 exstet

192 500 311 573 κατῆρεν·
333 492 457 549 ἀκόλουθα
472 490 499 547 δὲ
519 492 563 545 καί
585 489 651 561 μετά
670 489 714 543 τόν
737 490 835 561 ἀναφῆ,
857 488 943 548 πάσης
967 507 996 543 τε

192 587 295 663 ἁγνείας
312 588 506 663 καθαρῶτερον,
527 586 569 639 καί
588 584 668 643 αὐτῆς
688 583 836 661 ἐγκρατιίας
858 583 996 658 κρείσσονα

192 684 322 758 ὐμόναιον.
339 686 355 742 η’
369 684 397 737 ἐκ
409 683 565 758 σπαργάνων
576 684 652 753 σοφία
664 684 709 734 τού
722 684 800 734 Θεοῦ·
815 676 997 755 ε’ντρεπόμευός

192 798 220 833 τε
235 778 312 833 αὐτόν
324 776 390 849 μετά
402 772 490 835 αίδοῡς
505 773 518 828 ό
532 780 582 832 τῶν
597 772 711 847 λουτρῶν
724 772 845 845 πάροχος
857 768 994 843 Ἰορδάνης.

193 870 260 946 πρός
272 869 359 938 τούτῳ
374 888 402 925 τε
417 866 548 941 βασιλικόν
564 868 670 941 χρίσμα
683 861 821 936 όμόύυχον
834 872 880 924 τῆς
893 863 996 919 πάντων

194 964 335 1025 συνέσεως.
350 960 455 1019 παιδεία
468 958 496 1016 li
505 962 547 1016 καί
557 958 665 1033 δύναμιν
675 956 811 1035 παράδοξα
820 958 994 1034 κατορθοῦσα,

192 1058 237 1113 καί
248 1058 282 1112 τά
296 1057 388 1113 ἀνίατα
399 1053 503 1118 ίωμένη.
515 1054 559 1108 καί
573 1053 659 1123 εὐχῶν
669 1052 832 1127 ἀνθρωπίνων
846 1056 943 1121 ταχεῖα
953 1048 996 1104 καί

191 1145 380 1219 ἀνεμπόδιστος
399 1144 548 1218 βεόαίωσις.
564 1144 609 1199 καί
627 1138 690 1204 σ’λως
708 1140 722 1197 ό
744 1142 851 1214 σύμπας
872 1140 938 1217 ὐπίρ
952 1141 997 1194 ἀν·

192 1242 301 1319 θρῶπων
312 1240 379 1314 βίος·
394 1236 546 1296 διδασκαλία
563 1234 591 1292 di
603 1237 631 1291 οὐ
644 1234 773 1315 φρόνησιν,
782 1233 846 1291 ἀλλά
858 1234 945 1307 σοφίαν
957 1230 995 1288 δι-

191 1332 337 1391 δάσκουσα.
360 1338 409 1389 τῶν
434 1336 557 1404 φοιτητῶν
580 1330 609 1384 οὐ
632 1328 677 1391 τάς
702 1326 836 1389 πολιτικάς
858 1326 996 1399 λογομίνας

190 1428 285 1505 ἀρετάς
298 1426 491 1500 μανθανόντων,
514 1424 577 1479 ἀλλὰ
599 1425 647 1484 τάς
668 1423 704 1485 ιίς
726 1423 769 1478 τόν
790 1422 878 1481 νοητόν
901 1420 995 1492 κόσμον

190 1522 325 1596 ἀτραποὺς
347 1518 526 1585 ἀναλυούσας,
548 1519 594 1576 τείν
614 1536 642 1571 τε
664 1519 711 1571 τοῦ
735 1514 776 1571 ἀεί
799 1519 863 1573 κατὰ
883 1513 997 1570 τάαὐτά

189 1610 299 1685 ἔχοντος
310 1612 401 1687 γόνους
411 1608 536 1690 ίποπτίαν
545 1610 700 1672 πονούντων,
711 1610 806 1668 aalma
813 1613 861 1663 τοῦ
870 1610 994 1682 μεγίστου

188 1705 288 1784 πατρὸς
308 1701 400 1760 ἔννοιαν
415 1702 589 1775 ἀσκουμένων.
614 1702 647 1756 τά
661 1702 750 1777 γάρτοι
759 1707 809 1757 τῶν
824 1701 994 1779 εὐοργετομά·

1048 480 1227 545 conservatio.
1249 492 1361 539 necesse
1381 489 1422 535 est
1444 488 1473 533 nt
1508 485 1570 533 ante
1593 472 1684 531 ottrnia
1707 492 1768 547 ιμιιυ
1789 482 1852 533 sum

1047 572 1175 629 Sacrator
1184 570 1325 628 exstiterit.
1340 570 1416 627 aueo
1428 579 1456 626 ut
1468 568 1591 626 Citristus
1600 568 1658 639 ipse
1670 566 1794 623 omniunt
1810 582 1854 621 rc-

1047 682 1107 724 rnm
1120 682 1201 724 cansa
1213 666 1259 733 sit,
1278 676 1306 721 et
1320 667 1490 721 conservatio
1508 663 1544 719 sit
1562 661 1694 729 allectus,
1721 658 1856 732 quemad·

1047 760 1156 816 nrodorn
1180 758 1260 816 Pater
1274 758 1383 831 quidem
1396 756 1459 814 Filii
1471 771 1551 813 causa
1565 763 1617 822 est,
1632 754 1717 811 Filius
1730 768 1799 811 vero
1811 760 1855 809 est

1046 865 1195 910 cansarum.
1221 852 1257 908 Et
1278 852 1365 923 ipsum
1388 850 1496 922 ιριιίθοιιι
1515 846 1654 905 Christum
1677 858 1741 904 ante
1761 844 1854 903 omitia

1046 946 1169 1003 extitisse
1190 945 1247 1017 jam
1269 943 1376 1001 abunde
1398 941 1583 1015 probavimus.
1603 941 1639 997 tlt
1667 938 1806 1012 quomodo
1826 939 1851 993 in

1048 1050 1133 1098 terras
1145 1038 1285 1097 descendit
1297 1046 1324 1095 et
1333 1037 1372 1093 ad
1387 1036 1510 1093 irontines
1523 1035 1617 1092 reniti
1631 1032 1782 1091 Consilium
1797 1031 1853 1103 qui

1046 1134 1107 1191 dem
1121 1132 1220 1205 ipsum,
1235 1134 1305 1189 sicut
1328 1131 1470 1203 propbetas
1486 1128 1677 1202 praedixerant,
1700 1126 1852 1200 proiectum

1047 1234 1089 1283 est
1104 1242 1137 1282 ex
1150 1240 1213 1282 eura
1228 1238 1260 1281 ac
1273 1223 1455 1282 sollicitudine
1465 1238 1544 1295 quam
1559 1236 1609 1297 pro
1621 1219 1755 1277 uniuersis
1770 1220 1855 1275 rebus

1046 1318 1167 1393 gerebat.
1186 1317 1281 1389 Opiiex
1311 1318 1382 1374 enirn
1407 1330 1519 1388 operum
1539 1328 1649 1370 snorum
1669 1327 1762 1369 οιιιοιη
1775 1320 1854 1384 gerat

1047 1426 1158 1469 necesse
1178 1421 1229 1468 est.
1248 1410 1315 1467 Cum
1334 1422 1399 1469 roro
1413 1410 1445 1466 ad
1460 1418 1596 1466 terrenum
1610 1422 1709 1477 corpus
1724 1420 1854 1463 accessu·

1046 1514 1193 1573 recesset,
1210 1514 1239 1562 et
1251 1506 1320 1562 inter
1334 1504 1469 1571 homines,
1485 1502 1646 1559 necessitate
1659 1500 1699 1557 sic
1712 1498 1850 1570 exigente,

1047 1598 1203 1671 aliquandiu
1218 1606 1381 1667 moraturus,
1393 1612 1488 1653 noram
1505 1593 1646 1667 quamdam
1661 1592 1790 1649 nascendi
1805 1608 1850 1647 ra-

1048 1694 1147 1749 tionem
1162 1700 1330 1749 commentus
1344 1701 1386 1749 est
1399 1689 1461 1746 sibi.
1476 1688 1542 1745 Nam
1557 1686 1659 1759 absque
1677 1685 1778 1757 nuptiis
1800 1684 1851 1741 luit

188 1816 240 1850 των
253 1796 283 1853 οὐ
296 1796 400 1872 μέτρια·
413 1796 470 1851 ἀντὶ
481 1797 527 1867 μιν
538 1800 585 1855 τῆς
597 1793 711 1867 ρ’ὡσεως,
727 1788 828 1869 ὅρασις,
836 1794 891 1849 ἀντὶ
904 1792 931 1848 δὲ
941 1816 993 1850 πα·
1007 1788 1030 1849 Β
1044 1788 1195 1859 conceptio,
1209 1796 1235 1843 et
1248 1795 1329 1842 castae
1344 1784 1505 1857 virginitatis
1517 1782 1688 1855 puerperium
1699 1796 1707 1844 ;
1717 1789 1745 1837 et
1758 1779 1850 1853 puella

186 1889 295 1965 ρίσεως,
309 1888 402 1954 εὐεξία.
416 1887 472 1943 ἀντί
485 1884 512 1942 di
526 1886 634 1942 θανάτου
649 1885 724 1941 πάλιν
738 1888 774 1946 εἰς
788 1885 817 1941 τό
832 1889 876 1950 ζῆν
892 1887 989 1941 ἀποκα-

187 1980 327 2042 τάστασις.
345 1982 458 2061 παρίημι
475 1983 526 2058 γάρ
548 1975 652 2052 ἄφθονον
670 1985 721 2033 τῶν
743 1978 885 2050 ἀναγκαίων
904 1996 990 2052 παροι-

187 2077 280 2133 σκευιόν
300 2076 325 2128 όν
348 2072 457 2149 ε’ρημίφι,
474 2074 518 2127 καί
538 2071 671 2144 όνόλίγοις
688 2067 813 2141 ἐδέσμασι
827 2069 992 2129 παντοδαπόν

186 2168 305 2241 μεγάλοις
324 2167 431 2226 πλήθεσι
445 2165 541 2221 πολλοῦ
555 2163 651 2237 χρόνον
669 2165 827 2243 περιουσίαν.
842 2164 937 2223 ταύτην
949 2185 991 2219 σοι

186 2262 233 2319 τόν
248 2260 418 2339 εὐχαριστίαν
439 2259 504 2313 κατά
515 2258 545 2311 τό
559 2254 669 2311 δυνατόν
685 2253 853 2329 ἀποδίδομεν,
868 2254 990 2331 Χριστὲό

187 2352 251 2412 Θεὸς
263 2352 305 2405 καί
323 2354 425 2425 Σωτὴρ,
442 2348 552 2423 μεγάλου
570 2348 669 2425 πατρὸς
682 2347 790 2422 μεγίστη
809 2345 925 2423 πρόνοια.
942 2350 992 2402 σῶ-

186 2446 255 2508 teari
266 2442 290 2499 τ’
304 2444 332 2497 ἐκ
345 2449 395 2498 τῶν
410 2447 510 2505 κακῶν,
526 2442 569 2495 καί
581 2442 627 2499 τήν
649 2439 846 2515 μακαριωτάτην
867 2436 991 2495 διδασκα·

166 2531 240 2596 ’λίαν
260 2534 420 2592 διδάσκοντι.
434 2537 463 2590 οὐ
477 2537 526 2615 γάρ
542 2536 705 2608 ἐγκωμιάζων
723 2539 824 2599 ταῦτα,
844 2533 896 2588 ἀλλ’
911 2535 991 2606 εὐχα-

184 2636 281 2707 ριστῶν
290 2630 366 2703 λέγω.
380 2630 419 2691 τίς
431 2630 480 2705 γάρ
492 2624 523 2682 ἀν
538 2648 568 2683 σε
581 2625 639 2683 κατ’
649 2626 721 2692 ἀξίαν
733 2626 842 2698 ὐμνιόσοι
856 2626 881 2680 ἐν
894 2627 990 2703 ἀνθρώ-

184 2740 258 2789 ποις;
273 2726 303 2780 σί
315 2725 361 2796 μίν
370 2724 422 2799 γάρ
433 2720 507 2796 λόγος
520 2720 546 2786 ἐξ
558 2722 605 2775 οὐκ
615 2715 692 2776 όντων
702 2722 736 2775 τά
746 2715 806 2791 όντα
818 2727 949 2793 γεννῆσαι,
961 2719 991 2775 τό

184 2836 212 2871 τε
224 2822 276 2887 φῶς
289 2815 377 2875 αὐτοῖς
392 2811 499 2884 ἀνάψαι.
520 2814 564 2867 καί
584 2818 630 2871 τήν
651 2808 760 2867 ἄτακτον
781 2818 831 2865 τῶν
851 2812 990 2881 στοιχείων

184 2906 324 2982 σύγχυσιν
338 2913 537 2978 κατακοσμῆσαι
554 2906 626 2969 τάξει
641 2907 684 2960 καί
703 2905 799 2981 μέτρω
813 2906 843 2960 τό
864 2902 892 2960 di
904 2903 991 2979 φιλαν-

183 3000 300 3077 θρωπίας
314 3000 451 3075 ἔξαίροτον,
467 2998 492 3052 όν
504 3006 541 3072 τῷ
557 3000 618 3060 τούς
629 2991 658 3053 οὐ
673 2998 817 3071 πεφυκότας
831 3005 881 3053 τῶν
894 2998 990 3078 ἀνθρῶ-

181 3113 247 3159 πων,
260 3094 328 3147 θείου
340 3095 382 3149 καί
391 3093 519 3169 μακαρίου
531 3091 643 3155 ζηλωτάς
653 3098 761 3151 ποιῆσαι
773 3090 840 3161 βίον.
853 3100 987 3147 κατανοεῖν

1044 1880 1091 1935 bei
1106 1889 1207 1948 ntatcr;
1220 1887 1247 1935 et
1265 1890 1373 1935 aeternae
1387 1890 1490 1933 staturae
1506 1874 1653 1948 temporale
1666 1874 1826 1946 principium
1840 1889 1848 1941 ;

1044 1983 1072 2031 ct
1095 1972 1272 2044 intelligibilis
1293 1972 1451 2028 substantiae
1474 1984 1584 2034 sensum
1614 1972 1653 2025 et'
1668 1969 1694 2023 io
1723 1966 1848 2038 corporei

1044 2064 1197 2137 splendoris
1210 2064 1334 2121 natatoria.
1346 2062 1446 2119 Cuncta
1462 2063 1614 2134 igiturque·
1636 2070 1701 2116 tunc
1715 2061 1771 2115 visa
1784 2066 1849 2115 sunt

1044 2158 1087 2215 his
1108 2160 1184 2216 luere
1203 2167 1393 2216 consentanea.
1420 2154 1644 2229 Splendidissima
1663 2152 1787 2209 columba
1812 2166 1848 2209 ex

1044 2268 1104 2309 arca
1126 2254 1184 2310 Noe
1206 2252 1334 2309 devolans
1361 2252 1388 2307 ίιι
1427 2251 1514 2307 sinutn
1549 2246 1667 2320 Virginis
1694 2244 1846 2303 descendit.

1043 2346 1230 2405 Consentanea
1246 2346 1309 2404 itcrn
1325 2356 1387 2402 sont
1409 2345 1511 2417 reliqua
1531 2360 1591 2416 qtrac
1619 2342 1749 2397 illibatum
1767 2339 1844 2396 illum

1043 2453 1070 2497 ct
1087 2440 1162 2497 οιιιιιί
1179 2438 1301 2495 castitate
1320 2437 1476 2508 pluriorem,
1494 2436 1605 2507 ipsaque
1624 2433 1693 2490 adeo
1705 2432 1848 2489 eontinen-

1043 2534 1078 2589 tia
1092 2533 1307 2605 praestantiorem
1321 2530 1491 2604 bynteatcunt
1509 2536 1572 2587 sunt
1592 2536 1745 2584 consecuta.
1765 2525 1848 2582 ilira-

1043 2626 1105 2682 bilis
1122 2624 1156 2680 ab
1176 2625 1240 2695 ipsis
1259 2622 1418 2680 incunabilis
1433 2622 1568 2693 Sapientia
1588 2619 1646 2687 boi,
1667 2628 1695 2676 et
1708 2618 1845 2687 iordanis,

1041 2720 1086 2791 qrri
1101 2734 1185 2790 ualuas
1205 2718 1238 2772 ad
1260 2717 1426 2788 baptisatam
1447 2716 1599 2789 praebebat,
1615 2728 1676 2770 cunt
1691 2712 1843 2769 reverentia
1866 2721 1869 2727 ’

1043 2810 1118 2865 ἰΙΙιιιιι
1135 2810 1295 2879 suscipiens.
1317 2807 1416 2864 λείοισι
1432 2807 1529 2879 regalis
1543 2807 1635 2864 unctio
1649 2820 1709 2862 curn
1722 2805 1842 2863 omnium

1042 2919 1133 2960 rernm
1149 2904 1260 2959 scientia
1278 2900 1430 2973 cortinnct'a.
1452 2902 1577 2958 Doctrina
1592 2902 1656 2958 item
1674 2916 1706 2957 ac
1725 2900 1845 2972 potentia

1042 3014 1102 3069 quac
1117 3014 1159 3054 res
1173 2996 1342 3055 adrnirabiics
1355 2997 1533 3068 perpetrarit,
1552 3006 1579 3053 et
1592 2994 1755 3052 insanabiles
1769 3010 1845 3051 ntor-

1042 3092 1091 3151 bos
1102 3093 1214 3149 carrasit.
1230 3092 1295 3148 llira
1309 3092 1425 3165 denique
1439 3092 1563 3149 celeritas
1583 3090 1609 3149 in
1625 3090 1763 3148 bominum
1779 3104 1843 3162 pre-

182 3186 205 3239 θ’
221 3183 290 3248 ὅπως
304 3194 355 3241 τῶν
368 3182 447 3246 iaaac
461 3185 562 3259 ἀγαθῶν
577 3182 686 3261 ἔμποροι
698 3187 873 3259 γεγενημένοι.
886 3186 987 3242 πλείοσι
1000 3190 1022 3255 C
1038 3191 1114 3247 cibus
1134 3188 1319 3247 exaudiendis.
1342 3188 1375 3244 Et
1396 3188 1557 3261 generalitor
1571 3197 1626 3243 tota
1642 3187 1700 3257 ejus
1717 3184 1773 3241 rite.
1791 3182 1840 3241 Ιιο·

180 3289 227 3343 τῆς
243 3282 340 3337 ίαυτῶν
357 3284 448 3354 σοφίας
460 3300 487 3336 τε
506 3282 550 3335 καί
563 3272 713 3351 ’συντυχίας
728 3277 986 3351 praedabimini

180 3372 205 3430 τ’
216 3374 309 3450 ἀρετῆς
328 3373 428 3450 καρπόν
441 3373 543 3428 αόῶνιον
560 3374 714 3445 κομίζοιντο.
731 3371 918 3446 ἀπηλλαγμίνοι
939 3375 985 3447 μὲν

180 3465 335 3531 ἀκολασίας,
352 3463 508 3536 μετόχοντες
522 3461 551 3519 ti
564 3462 762 3541 φιλανθρωπίας.
779 3458 861 3520 οἶκτον
874 3466 920 3538 μίν
934 3466 985 3542 πρό

181 3558 314 3632 ὀφθαλμῶν
335 3555 459 3628 ἔχοντες,
480 3556 594 3617 πίστεως
614 3554 641 3610 δό
656 3553 811 3633 προσδοκίαν
830 3556 984 3621 linitam.

180 3649 245 3708 αἰδῶ
260 3648 288 3706 δὲ
302 3652 346 3705 καί
359 3649 483 3705 παντοίαν
499 3650 592 3726 ἀρετήν
610 3649 800 3721 ἀσπαζόμενοι,
816 3649 846 3709 ἣν
860 3647 873 3705 ό
887 3654 985 3726 προτοῦ

179 3750 237 3823 βίος
261 3750 418 3827 ἀνθροπίνων
441 3748 506 3808 ἠθῶν
532 3748 697 3837 deindidem,
720 3753 766 3810 τάν
791 3750 858 3827 ὐπίρ
882 3750 986 3806 πάντων

861 3864 998 3923 intimi
1015 3862 1133 3923 NOTAE.

177 3958 331 4017 reiercbant
355 3969 434 4031 prout
452 3958 571 4031 Angelos
582 3958 608 4015 ei
623 3958 795 4030 predixerat.
808 3958 848 4017 Ac
863 3960 978 4017 sortasse

178 4032 205 4087 in
223 4002 370 4103 Evangelio
394 4030 569 4086 llcbraeorum
585 4031 643 4086 baec
667 4030 703 4085 ita
720 4031 909 4087 narrabantur.
923 4032 978 4089 Sed

177 4103 602 4173 Citristopborsonusoolumbaut
617 4102 661 4157 itio
672 4102 815 4168 intellexit,
827 4118 908 4173 atrurn
921 4103 978 4160 Noe

179 4176 246 4231 olim
258 4191 293 4231 ex
304 4190 367 4231 arca
379 4175 539 4241 dimiserat,
565 4189 679 4244 eamque
694 4173 805 4244 ligoram
819 4173 903 4231 inisse
917 4175 980 4246 Spi-

178 4246 248 4301 ritus
260 4246 362 4308 sancti‚
378 4247 422 4315 qui
438 4247 463 4300 in
477 4244 588 4299 blaciam
602 4245 733 4313 virgineus
746 4245 908 4316 qttandonue
921 4255 980 4301 erat

1038 3284 1140 3340 ntinunt
1157 3282 1262 3339 utilitati
1277 3281 1438 3339 inserviens.
1452 3278 1611 3337 Praedicntio
1626 3293 1691 3335 vero
1709 3292 1770 3350 qum
1788 3291 1844 3332 non
1861 3298 1866 3305 ·

1037 3378 1216 3451 prudentiam,
1234 3376 1280 3433 sed
1303 3377 1461 3448 sapientiora
1484 3374 1654 3439 insinuaret;
1674 3370 1843 3428 auditoribus
1865 3408 1870 3413 -

1037 3486 1091 3527 non
1116 3470 1208 3527 civiles
1229 3468 1358 3535 virtutes,
1375 3468 1422 3524 scd
1438 3468 1507 3522 riam
1522 3482 1582 3538 aaran
1600 3465 1633 3521 ad
1648 3462 1844 3535 intelligibilem

1038 3566 1168 3621 rotandum
1195 3564 1333 3635 peruincit,
1357 3562 1579 3627 addiscentibus;
1602 3562 1715 3631 ejusque
1738 3570 1844 3615 ιιιιιιτυε

1037 3672 1098 3729 qnae
1111 3671 1218 3728 semper
1232 3670 1286 3713 ιιιιο
1305 3656 1454 3726 codemque
1474 3655 1500 3708 in
1520 3662 1592 3709 statu
1606 3661 1761 3724 permanet,
1775 3665 1845 3708 con·
1864 3674 1868 3681 ·

1038 3748 1241 3823 templationcrn
1271 3760 1298 3805 et
1338 3746 1436 3805 summi
1460 3747 1545 3819 patris
1568 3744 1707 3803 notionem
1733 3743 1843 3801 assidua

1031 3959 1071 4017 lta
1083 3958 1163 4017 ctiam
1184 3960 1280 4031 legitor
1302 3960 1328 4015 in
1344 3958 1420 4016 libris
1436 3956 1553 4015 anacbi
1569 3972 1601 4015 ac
1616 3954 1722 4015 Savilii.
1737 3956 1839 4014 Verum

1033 4032 1168 4088 assentior
1183 4030 1295 4094 savilio.
1310 4032 1355 4101 qui
1376 4045 1436 4088 curn
1460 4030 1530 4087 itanc
1546 4029 1689 4087 lectionem
1703 4030 1737 4084 ad
1761 4042 1839 4086 oram

1031 4104 1092 4159 iibri
1107 4104 1148 4160 sui
1165 4103 1366 4174 discriminet,
1378 4116 1438 4157 earn
1464 4112 1556 4173 plasten
1571 4101 1672 4157 delerit
1687 4100 1738 4157 bac
1751 4116 1841 4157 anno·

1032 4176 1133 4258 tatione
1148 4175 1266 4257 subjecta
1281 4173 1389 4231 :Lectio
1403 4174 1507 4246 νιιίριιια
1517 4173 1622 4231 retineri
1645 4182 1727 4245 potest
1746 4173 1839 4244 ροιιείε
1855 4220 1857 4227 ι

1031 4256 1182 4302 οιιιιιιιιεοιιε.

180 4315 406 4386 illapsurus-Ego
417 4332 482 4369 vero
495 4317 603 4371 ntatlem
618 4316 661 4370 bic
676 4316 764 4385 legere
776 4317 919 4406 αἰγλήεσσα
933 4340 979 4374 τε·
1067 4318 1133 4374 Ἀντί
1150 4320 1195 4389 μὲν
1213 4325 1259 4381 τῆς
1288 4317 1396 4379 ιοντεινςΙ
1413 4314 1591 4373 Scribenduns
1606 4324 1646 4370 est
1660 4312 1859 4386 proculdubio

177 4391 286 4514 ριστερά
300 4384 341 4443 οἶα
352 4388 368 4445 ό
380 4389 460 4471 πάλαι
475 4390 503 4443 ta
519 4396 566 4450 τῆς
586 4395 640 4443 Νῶε
662 4386 784 4460 λάρνακος
801 4391 978 4462 αποιτταμίνη,
1032 4396 1078 4453 τός
1089 4393 1246 4465 πωρῶοεως.
1285 4404 1321 4443 ox
1333 4388 1475 4445 emendavi
1491 4404 1524 4442 ex
1537 4386 1632 4442 codice
1645 4386 1729 4455 liegio
1741 4390 1800 4445 ἀντὶ
1807 4386 1838 4444 it

176 4468 230 4546 etc.
259 4472 285 4513 ta
298 4474 394 4515 sensus
407 4471 458 4515 ent
470 4472 580 4528 apertus
595 4469 622 4514 et
634 4458 753 4526 elegans.
992 4449 1177 4540 Βπαρὲοιως.
1190 4466 1277 4531 atarto
1291 4461 1328 4517 ita
1339 4460 1424 4516 codex
1438 4458 1541 4514 Savilii.
1554 4457 1636 4513 l‘atdo
1648 4468 1711 4515 arato
1723 4460 1837 4517 ιιιιιλλοιιι

221 4532 351 4613 ῐμὲραιον.
368 4530 433 4585 Post
452 4529 522 4584 lrarrc
537 4544 630 4585 roceto
656 4538 782 4599 punctum
810 4532 922 4600 apposni
944 4547 977 4588 ex
1030 4534 1149 4589 scribere
1163 4534 1195 4589 τό
1203 4535 1231 4609 γε’
1241 4554 1281 4589 τοι
1292 4538 1342 4587 τῶν
1355 4529 1576 4609 εὐεργετημάτων,
1591 4538 1644 4585 etc.

177 4610 338 4688 auctoritate
351 4601 451 4657 codicis
471 4600 560 4673 Regin
575 4598 646 4673 quod
663 4614 723 4654 ciros
740 4614 792 4655 non
808 4602 978 4659 anitnadver-
1031 4614 1044 4648 ε
1066 4606 1094 4659 τό
1111 4601 1137 4659 δέ
1156 4606 1302 4677 φῶςαύτοῖς
1315 4602 1423 4675 ἀνάψαι.
1439 4601 1511 4672 Lego
1525 4602 1591 4658 τότε
1603 4608 1665 4674 φῶς.
1683 4598 1711 4656 io
1727 4600 1836 4657 schedis

178 4680 256 4727 trssct
267 4671 540 4753 ifltrtstopirorsonus,
557 4682 639 4728 totam
655 4670 734 4741 lrtrjus
750 4671 802 4727 loci
815 4673 976 4730 sententiam
1030 4674 1121 4744 Regiis
1136 4684 1163 4729 ct
1184 4678 1209 4729 in
1233 4674 1302 4730 libro
1323 4673 1414 4730 Servilii
1436 4675 1533 4743 legitur
1546 4676 1577 4729 σὲ
1592 4672 1620 4729 δὲ
1636 4679 1699 4748 φῶς,
1711 4682 1766 4730 etc.
1779 4672 1835 4731 Sed

179 4750 317 4813 corrupit,
338 4743 448 4799 vocibus
472 4744 574 4814 aliquot
595 4743 717 4813 adjectis.
743 4743 788 4800 Sic
814 4746 886 4800 enirn
915 4745 978 4815 lenit
1030 4745 1099 4803 Fuk.
1117 4746 1201 4801 codex
1215 4745 1296 4802 babet
1310 4746 1389 4802 τότε.
1586 4729 1591 4744 ’

177 4816 305 4886 ὐμόναιον,
321 4816 513 4899 οἱκονομοῦσαύ
526 4817 554 4872 ίκ
570 4814 729 4902 σπαργάνων
751 4819 828 4891 σοφία
849 4823 896 4872 τοῦ
912 4826 978 4875 Θεοῦ
1066 4826 1199 4874 κατανοεῖν
1210 4839 1249 4876 τε.
1264 4816 1526 4887 cinistopnorsonus
1540 4816 1583 4871 ltlc
1598 4817 1649 4873 ἀπὸ
1667 4824 1751 4873 κοινοῦ
1764 4816 1831 4874 suh·

107 4943 110 4954 ,
177 4887 381 4970 θανματονργιῑ.
396 4884 487 4941 codex
504 4896 602 4969 Ιοιιιιοιι
618 4884 687 4942 buis.
704 4885 774 4941 banc
786 4888 977 4956 Cbristopbor-
1031 4892 1105 4946 audit
1119 4890 1229 4944 rerbnnt
1245 4896 1362 4947 ποιῆται.
1377 4886 1453 4955 Quod
1470 4888 1531 4945 licet
1546 4901 1599 4943 non
1615 4888 1724 4955 damno,
1742 4900 1833 4945 tamon

179 4972 239 5041 sotir
266 4959 408 5011 lectionem
431 4970 463 5009 ac
484 4956 683 5013 distinctionem
710 4959 790 5031 plane
817 4957 976 5031 conirntat;
1034 4962 1217 5017 necessarium
1241 4978 1293 5014 non
1313 4962 1427 5015 videtur.
1442 4957 1471 5014 In
1487 4959 1581 5016 codiee
1594 4958 1665 5015 Fnk.
1682 4960 1718 5015 ita
1734 4958 1833 5031 legitur

177 5044 229 5083 ntst
239 5026 399 5096 quodltabct
409 5032 453 5083 τοῦ
464 5035 528 5081 Θεοῦ
544 5031 628 5103 σοφία.
644 5027 720 5085 sient
733 5041 760 5085 ct
770 5029 975 5089 liltchurnebi.
1030 5032 1072 5087 itio
1086 5032 1160 5087 loeus
1172 5033 1265 5113 ἀρετήν
1276 5030 1459 5104 ἀσπαζόμενοι,
1477 5031 1507 5091 όν
1521 5030 1533 5086 ό
1546 5039 1643 5105 προτοῦ
1661 5031 1717 5103 βίος
1731 5032 1831 5109 ἀνθρω-

193 5170 200 5183 .
213 5101 264 5162 Τὰς
274 5098 403 5181 παλατικάς
410 5097 516 5180 ἀρετὰς.
532 5098 688 5169 Pirilosoplti
697 5100 763 5156 duas
776 5104 904 5157 virtutum
915 5118 977 5172 spe-
1028 5108 1108 5161 τίνων
1124 5102 1189 5163 diet
1205 5104 1359 5165 ὲαθαθλήκει·
1379 5099 1451 5159 odie-a
1466 5104 1528 5193 γάρ,
1539 5113 1592 5157 etc.
1607 5105 1708 5171 obstrue
1721 5103 1773 5159 iltis
1785 5118 1847 5165 νο-,

176 5186 233 5228 stes
250 5169 366 5234 sactun13
382 5168 448 5251 altas]
461 5172 613 5252 πρακτικάς,
628 5185 695 5240 tritus
707 5170 759 5226 line
772 5170 832 5227 ioco
845 5174 975 5237 πολιτικὰς
1027 5176 1102 5232 cibus
1116 5175 1241 5253 τύν”ὐπόρ
1251 5177 1354 5231 πάντων
1366 5195 1509 5249 ποιουμενῳ
1519 5174 1651 5251 πρόνοιαν.

178 5240 297 5325 appellat
307 5240 518 5303 Constanttnns;
533 5240 600 5295 altas
613 5243 660 5297 θεω
678 5244 783 5323 ητικὰς,
800 5260 859 5313 atne
871 5245 976 5302 scilicet
1061 5246 1253 5320 ’Δτταζόμτνοα
1263 5244 1327 5301 Post
1339 5244 1390 5302 boo
1401 5246 1512 5301 verbum
1523 5248 1617 5300 deesse
1628 5244 1753 5302 videntur
1763 5259 1832 5303 non·

176 5328 297 5368 antinum
309 5322 429 5366 nostnun
444 5310 634 5378 rretdncnntad
671 5328 694 5366 cr
705 5314 970 5383 eattrtcrnplationern.
1029 5318 1113 5373 nulla.
1133 5314 1226 5387 Neque
1244 5318 1316 5372 enim
1331 5331 1427 5374 sensns
1437 5326 1563 5373 constare
1576 5325 1675 5386 potest,
1689 5316 1739 5372 nisi
1753 5316 1832 5374 addi·

176 5382 258 5465 Unde
268 5399 300 5475 cx
314 5383 450 5466 discipulis
464 5380 632 5454 Pythagoran,
654 5382 700 5437 alii
714 5385 849 5468 πολιτικοὶ,
867 5385 911 5440 alii
933 5410 973 5444 σε·
1027 5389 1099 5443 deris
1115 5388 1172 5442 bne
1186 5388 1265 5445 verba
1281 5389 1393 5450 ἀντίτῆς
1404 5386 1503 5450 ἀδικίας
1513 5387 1566 5448 >iai
1587 5396 1685 5465 προτοῦ
1696 5388 1764 5465 βίος,
1773 5398 1829 5447 etc.

178 5454 390 5539 θαστικριιίιειι,
407 5461 437 5507 ιιι
452 5452 532 5508 docet
553 5463 628 5537 retus
644 5464 738 5534 auctor
755 5456 788 5508 dc
803 5465 853 5538 arta
878 5456 976 5529 Pytlta-
1029 5459 1114 5529 Quam
1136 5459 1295 5529 scripturam
1321 5461 1347 5513 in
1370 5460 1592 5529 interpretatione
1615 5475 1674 5515 ntea
1697 5475 1757 5515 sum
1781 5475 1828 5517 se·

179 5539 253 5593 porae
271 5543 298 5609 ru
312 5524 474 5609 btblrotlreca
490 5523 578 5607 Ροιιοι
591 5541 652 5611 cap.
666 5524 730 5581 259.
745 5525 831 5581 Porro
845 5543 871 5582 sn
884 5529 977 5586 cerdice
1030 5530 1571 5587 entus.·—bnthallucinaturdoctissimus
1581 5530 1830 5596 vir‚autdirersnm

178 5593 247 5684 buli:
263 5597 306 5651 inc
321 5595 397 5652 locos
412 5607 448 5650 rta
463 5595 569 5684 legatur,
585 5594 743 5653 διδασκουσα
762 5600 823 5659 τοὺς
845 5602 975 5672 φοιτητὰς.
1030 5612 1143 5655 anostra
1154 5610 1257 5657 textunt
1271 5601 1541 5670 ltabuit:patctenina
1557 5616 1652 5658 sensus
1665 5617 1727 5658 cnm
1742 5604 1832 5659 verbo

175 5686 205 5753 ιρν
215 5668 408 5755 ταςιπολιτικάς
423 5668 559 5741 λεγομενας
579 5670 674 5747 ἀρετάς
687 5666 795 5725 διδοῦσα
805 5670 978 5741 ἐκμανθάνειν,
1030 5674 1184 5747 inpediri-aet,
1211 5675 1362 5745 iocumque,
1379 5675 1530 5743 ιιῑομῑίιιιο,
1547 5672 1586 5727 sic
1608 5672 1734 5729 facillime
1749 5672 1831 5729 nobis

172 5736 505 5829 αλλαταςμὶἱςιτονινοητὶόν
517 5740 619 5830 ,κύαμον
641 5742 774 5832 ἀτραποὺς
793 5742 911 5814 ἀγούσας
930 5750 980 5800 τῶν
1031 5744 1204 5815 interpretari
1224 5744 1346 5801 ridemur
1367 5761 1374 5799 ι
1392 5743 1500 5800 Ontncm
1512 5745 1632 5801 uirtutem
1646 5744 1830 5813 coaptatam

169 5826 196 5862 τε
207 5829 253 5868 την
261 5830 307 5866 τον
318 5830 359 5869 αιι
369 5832 411 5867 και
419 5832 484 5871 κατα
494 5834 527 5871 τα
538 5814 651 5873 αντάκαί
660 5814 784 5877 ωσαύτως
794 5810 913 5885 ἔχοντες,
923 5826 977 5875 etc.
1031 5832 1107 5887 quarm
1127 5816 1197 5888 prior
1211 5817 1263 5873 rita
1275 5815 1389 5873 moribus
1402 5814 1522 5873 Ιιιιοιαηίε
1536 5819 1655 5890 ejecerat.
1666 5814 1734 5875 Eoo.
