3975 6292
129 308 201 373 lhth
595 308 628 367 tn
648 308 844 407 epistolant
860 307 963 368 uxum
982 306 1030 367 lh
1050 305 1308 370 ettttttnhttstts.
1706 311 1785 374 laed

129 430 165 486 lta
179 434 312 497 numerat,
337 425 400 500 quid
414 427 564 499 patientur,
586 446 694 500 quorum
713 430 774 501 ptris
793 438 830 485 ert
849 430 928 486 inter·
940 433 967 495 Α
979 428 1077 501 ipsius,
1099 428 1237 485 secundum
1258 427 1431 499 operationem
1445 427 1565 500 potentie
1576 444 1639 499 tuot,
1660 437 1688 486 ut
1702 432 1783 503 parsit

129 522 202 591 itns;
228 520 291 594 quiid
305 523 369 589 sint,
401 539 510 595 puerunt
533 522 602 579 Deus
622 536 722 591 trater-5
744 524 807 595 quid
833 538 930 581 conse·
981 524 1236 579 etiamanioerroitii
1253 523 1361 580 caldore
1373 522 1424 596 (ll.
1449 526 1483 580 Et
1495 525 1546 581 iste
1568 525 1642 582 locus
1657 534 1731 582 tonat
1745 526 1780 583 de

130 624 259 688 quantur,
286 624 308 671 et
335 614 435 689 pluria,
461 617 563 690 inquit,
587 616 614 672 ia
642 618 803 687 turpitudine
828 618 930 675 eornrnt
981 617 1182 673 resurrectione
1197 617 1488 689 mysteriura.Eterrim
1509 618 1580 690 qrrod
1607 617 1732 676 Christus
1754 621 1782 675 in

129 708 362 778 Quemadmodum
375 708 634 783 sapiant,adjuaxit
657 729 665 767 :
691 712 736 782 qui
763 724 863 767 terreno
887 730 930 768 ea·
981 724 1063 766 carne
1092 710 1195 782 positus
1220 710 1342 781 implerit
1365 719 1396 768 ut
1415 711 1533 768 satiaret
1554 713 1681 781 animas,
1707 720 1783 773 utet

129 802 224 877 piant?
236 802 274 859 lie
287 801 407 870 interitu3
422 802 492 874 quod
504 802 564 859 notis
578 818 673 859 eorum
687 804 722 859 sit
732 804 871 873 interitus,
885 804 931 877 qui
982 803 1057 859 carni
1067 804 1148 858 etiam
1163 818 1211 875 per
1235 804 1461 861 resurrectionem
1488 805 1678 863 immortalitas
1702 805 1783 865 dure·

130 889 191 953 hnc
205 912 259 953 non
274 896 399 965 credunt,
415 896 443 953 id
459 900 553 970 estqui
569 896 670 954 inimici
685 898 773 955 crucis
786 907 859 957 sunt.
875 898 931 956 lluc
983 904 1036 965 tur,
1049 898 1163 954 uirtutes
1175 913 1232 954 sum
1244 899 1333 954 crncis
1345 910 1473 967 operatus
1487 906 1539 955 est.
1557 901 1590 955 Et
1611 899 1670 957 haec
1688 901 1780 959 omnia

130 988 204 1047 euim
231 986 316 1057 dixit,
337 988 462 1045 inimicos
487 988 577 1045 erucis
599 988 703 1045 Christi
728 1004 807 1057 esse,
823 1005 930 1047 crucem
982 1000 1174 1061 expectamus,
1198 1001 1228 1049 et
1252 992 1338 1064 ipsum
1366 992 1513 1049 Dominum
1539 1006 1661 1050 nostrum
1689 994 1782 1051 iesum

126 1082 232 1140 Christi
246 1098 300 1139 non
312 1082 434 1139 credere.
450 1081 499 1152 lli,
515 1083 644 1155 inquam,
665 1082 793 1155 perituri,
818 1092 847 1139 et
871 1082 931 1139 nnis
982 1082 1121 1143 Christum
1144 1088 1209 1159 qui,
1238 1087 1335 1160 inquit,
1349 1087 1397 1143 illo
1415 1089 1544 1161 mysterio
1564 1104 1618 1159 quo
1640 1088 1784 1146 descendit

129 1176 175 1237 iris
188 1187 231 1235 cst
244 1178 380 1235 interitus.
983 1181 1165 1236 ctcrucihxns
1193 1188 1236 1237 εει
1256 1190 1284 1238 ει
1302 1181 1470 1250 resurrexit,
1493 1181 1674 1239 humilitatem
1697 1184 1784 1241 nostri

167 1274 203 1331 At
214 1289 277 1331 nero
292 1272 365 1331 istud
380 1274 424 1347 qui
437 1290 490 1332 non
504 1272 637 1345 credunt,
651 1272 677 1331 id
691 1283 734 1330 ost
760 1272 805 1346 qni
828 1272 930 1330 inimici
983 1274 1107 1345 corporis
1117 1273 1159 1329 rel
1175 1272 1306 1345 liguram,
1331 1283 1378 1331 aut
1392 1276 1478 1347 magis
1500 1289 1600 1347 eorpus
1626 1276 1786 1333 humilitatis

132 1369 222 1429 crucis
233 1367 334 1425 Christi
350 1381 423 1440 sunt,
437 1370 575 1443 quomodo
589 1370 671 1427 lleum
684 1366 932 1438 haheutrentrem,
984 1376 1085 1423 nostre
1113 1367 1322 1438 transfiguravit.
1346 1367 1488 1437 Quomodo
1521 1369 1591 1427 istud
1628 1372 1690 1427 est?
1716 1371 1785 1441 Quoia

133 1462 168 1521 de
189 1462 287 1536 quihus
299 1463 384 1533 dixit,
399 1481 508 1537 qnorum
523 1462 593 1519 Deua
611 1474 696 1519 uenter
707 1464 766 1520 ert?
787 1462 846 1519 lino
866 1478 935 1534 quo·
984 1475 1083 1531 corpus
1095 1467 1216 1517 nostrum
1228 1461 1332 1517 humile
1346 1478 1408 1519 curn
1431 1466 1548 1535 resurgit
1571 1476 1599 1524 ει
1616 1468 1785 1539 immutatur,

129 1556 278 1613 dammodo
291 1565 372 1625 suin,
390 1556 416 1613 id
427 1565 561 1614 estonum
574 1554 609 1612 de
622 1554 744 1623 dunhus,
760 1555 806 1627 qni
831 1553 933 1611 inimici
984 1553 1012 1609 in
1028 1553 1125 1609 arelius
1138 1554 1340 1627 transfiguravit
1351 1557 1431 1615 iesus
1457 1559 1581 1618 Christus
1604 1562 1785 1625 humiditatem

129 1650 222 1705 crrrcis
245 1648 345 1705 Christi
371 1658 437 1707 sunt
461 1668 468 1705 :
490 1648 617 1708 autenim
628 1648 776 1705 carnaliter
784 1649 933 1707 sentientes
985 1647 1529 1721 curtulis1¹0⁸lt12tel⁰⁰ttttt⁵¹tttstttttn
1555 1655 1659 1719 humile
1678 1662 1787 1719 transil-

135 1758 244 1801 crucem
257 1742 357 1800 Christi
370 1743 478 1809 rident,
494 1759 556 1801 eum
571 1742 707 1800 hominem
731 1738 869 1798 Christum
885 1758 934 1815 pu·
985 1739 1132 1811 pumvitin
1148 1740 1329 1812 magnificum.
1354 1742 1404 1797 lint
1420 1744 1460 1817 (ι)
1475 1745 1515 1802 illi
1534 1747 1785 1811 scilicetaternita·

132 1842 192 1892 tam
219 1836 245 1892 iu
269 1852 377 1893 crucem
390 1836 535 1903 sublatum,
563 1850 616 1892 nnn
643 1834 773 1907 mysterio
787 1832 936 1891 secundum
951 1828 1060 1898 Btem,
1073 1830 1174 1891 iaciens
1186 1834 1236 1906 ipsi
1251 1834 1438 1895 indumentum
1447 1841 1576 1909 coeleste;
1592 1853 1622 1900 ut
1633 1846 1679 1912 sit,
1687 1849 1784 1920 inquit,

133 1927 310 2001 Evangelinm
336 1928 474 1985 Christum
495 1928 521 1984 in
549 1927 661 1985 honrine
683 1926 860 1995 crucifixum,
886 1942 935 1999 per
986 1928 1148 1998 aeorritorme
1174 1945 1238 1986 cum
1269 1944 1386 2002 corpore
1415 1934 1510 2005 plurim
1539 1936 1635 2009 ipsius.
1666 1939 1788 2013 Namque

133 2024 205 2097 quod
220 2032 361 2097 peccatum
385 2024 450 2080 uicit
473 2032 501 2081 ει
518 2022 695 2095 triumpharit
718 2029 886 2093 potestates,
908 2028 937 2077 ct
986 2021 1111 2081 Christus
1123 2023 1236 2094 spiritus
1249 2035 1310 2094 est,
1325 2042 1359 2083 ex
1371 2042 1424 2097 quo
1439 2027 1478 2083 illi
1493 2044 1593 2101 corpus
1605 2035 1711 2103 species
1721 2034 1786 2108 (ὅ),

133 2118 309 2190 triumpharit
323 2135 371 2191 per
393 2134 502 2175 cantem
527 2117 682 2173 crucilixam
699 2115 796 2183 :hanc,
812 2117 934 2188 inquiam,
985 2125 1014 2175 et
1024 2117 1126 2184 virtus,
1140 2116 1197 2189 ipsa
1212 2119 1316 2190 species
1326 2136 1386 2193 quae
1399 2122 1485 2179 virtus
1500 2134 1560 2191 εει,
1576 2128 1682 2195 species
1692 2128 1786 2200 glorta

132 2226 243 2269 crucem
266 2212 293 2269 in
318 2211 449 2287 mysterio
471 2212 615 2269 hahemus.
647 2211 716 2277 Alii,
748 2219 777 2266 ut
802 2209 875 2277 dixi,
907 2216 937 2265 ut
987 2220 1139 2285 eorpusest
1152 2212 1408 2272 dirtoaeetatoma
1422 2215 1652 2291 (eternorum
1678 2237 1727 2279 nos
1743 2239 1786 2279 re-

130 2304 284 2363 socundum
307 2305 461 2372 hominem,
488 2320 553 2361 tere
580 2310 683 2361 tantum
712 2298 936 2358 homiuemttcci·
986 2316 1129 2379 surgentes
1139 2307 1353 2377 immutabimur,
1364 2319 1393 2366 et
1405 2311 1541 2382 spiritales
1554 2313 1643 2372 effecti
1654 2315 1784 2373 irrerimus

133 2402 212 2473 piuot
226 2414 333 2457 crucem
352 2406 401 2456 :ct
423 2398 525 2455 idcirco
539 2396 640 2453 inimici
663 2403 727 2452 sunt
747 2393 822 2454 cruci
836 2436 844 2464 ,
858 2400 886 2451 ει
907 2392 935 2449 hi
987 2400 1116 2457 exanima
1126 2411 1279 2474 etcorpore
1289 2410 1317 2459 ot
1328 2403 1441 2475 spirito,
1454 2405 1490 2460 tra
1505 2406 1578 2461 onim
1589 2407 1640 2463 ispa
1660 2410 1687 2464 pn
1703 2426 1786 2467 unum

132 2494 196 2568 quia
219 2495 364 2553 carnaliter
386 2496 525 2563 sentiunt,
565 2501 743 2551 contemnunt
776 2493 936 2567 mysterium
987 2492 1077 2549 uirum
1091 2496 1692 2568 concurrunt,arqneunusspirituserunt;
1717 2502 1740 2559 si
1758 2514 1788 2560 ct

133 2588 223 2647 crucis
238 2606 245 2644 ι
261 2596 290 2645 ει
300 2587 347 2657 Ιιὶ,
363 2596 392 2643 ut
409 2587 483 2657 dixi,
497 2587 532 2645 de
546 2602 630 2643 carne
653 2587 789 2655 scottum,
815 2593 844 2642 et
869 2585 936 2641 nihil
988 2604 1088 2659 corpus
1102 2588 1263 2645 humilitatis
1277 2598 1376 2645 nostran
1389 2589 1563 2662 aeotrilorme,
1578 2592 1629 2649 hoo
1650 2602 1693 2652 εει
1714 2596 1788 2666 ejus·

133 2682 207 2740 aliod
221 2698 303 2755 quam
327 2682 362 2740 de
386 2699 468 2740 carne
491 2683 637 2750 extimant,
647 2690 676 2739 et
687 2682 742 2739 illis
759 2682 831 2739 Deus
843 2689 938 2739 rentm
988 2684 1051 2741 dem
1066 2683 1269 2755 atqueaequatis
1283 2683 1377 2738 turmae
1390 2699 1452 2740 cum
1463 2700 1578 2757 corpore
1590 2688 1684 2759 gloriae
1703 2690 1787 2760 ipsius

130 2783 188 2844 est,
204 2782 232 2833 et
244 2774 330 2847 gloria
346 2777 372 2832 in
384 2775 551 2847 turpitudine
563 2789 657 2831 eorum
671 2782 729 2839 εει,
757 2783 784 2830 ει
803 2772 830 2830 hi
851 2781 937 2842 sunt,
988 2777 1107 2843 Christi,
1123 2785 1153 2831 nt
1165 2785 1193 2833 ει
1207 2777 1378 2849 nosspiritus
1388 2776 1490 2846 simus,
1510 2785 1541 2834 ut
1554 2787 1583 2837 ει
1597 2779 1655 2851 ipse
1677 2781 1789 2855 spiritus

136 2869 183 2941 orti
199 2878 307 2925 terrena
323 2870 449 2941 sapiunt,
466 2886 581 2943 quorum
601 2878 691 2927 umen
710 2870 771 2927 linis
786 2880 828 2927 est
844 2870 939 2927 interi·
989 2881 1041 2928 est.
1060 2871 1122 2927 Fiet
1133 2879 1221 2951 autem
1236 2870 1288 2927 hoc
1300 2870 1448 2928 secundum
1461 2874 1647 2943 operationem
1660 2876 1788 2944 potentie

136 2964 259 3033 tostam
270 2978 363 3021 rursus
378 2964 416 3020 illi
431 2964 476 3036 qni
493 2964 644 3037 spiritalem
654 2964 774 3021 sentiunt
786 2962 936 3021 Christum.
989 2963 1060 3035 eius.
1082 2963 1169 3020 Omne
1193 2962 1267 3020 enim
1307 2964 1466 3037 mysterium
1494 2971 1575 3037 atque
1606 2968 1695 3023 omrris
1718 2968 1791 3025 actio

134 3064 164 3114 et
188 3072 241 3115 non
267 3058 420 3131 intelligunt
444 3059 521 3115 illurn
548 3058 575 3117 in
600 3073 704 3127 carne,
731 3074 818 3131 neque
849 3058 934 3116 cruci·
989 3055 1091 3114 Christi
1106 3057 1157 3113 troc
1177 3055 1372 3129 operaturhoc
1395 3057 1675 3128 complctsecundum
1690 3067 1789 3131 potsu-

131 3148 235 3215 hxum3
251 3151 391 3209 etidcirco
405 3150 506 3208 inimici
520 3161 584 3209 sunt
596 3152 685 3209 crucis
698 3148 812 3223 Christi,
837 3160 865 3210 ει
886 3150 938 3224 ipsi
990 3150 1056 3205 tiam
1069 3166 1146 3206 suam
1158 3191 1166 3218 ,
1179 3157 1209 3206 ut
1219 3165 1270 3208 uos
1292 3149 1318 3204 in
1345 3165 1426 3205 tratum
1451 3150 1662 3219 conveniamus;
1683 3167 1746 3207 cum
1761 3163 1789 3209 ει

134 3244 216 3302 hnem
231 3243 370 3302 hahehunt
393 3246 542 3304 interitum.
561 3246 597 3303 Et
613 3246 673 3303 hec
687 3262 748 3317 pars
762 3247 888 3305 conclusa
902 3220 972 3303 dec
988 3244 1081 3301 aalma
1093 3253 1120 3300 et
1131 3257 1230 3315 corpus
1244 3250 1273 3298 et
1284 3242 1397 3315 spiritus
1408 3249 1542 3310 crunt,ut
1551 3241 1591 3316 (5)
1605 3242 1663 3315 ipse
1675 3244 1788 3315 spiritus

133 3334 433 3411 illisest2qnamquam
457 3340 508 3395 iata
525 3353 587 3410 pars
612 3338 746 3412 pertineat
774 3347 802 3397 et
823 3338 857 3395 ad
875 3339 936 3396 illos
988 3343 1042 3395 εει.

133 3432 179 3504 qui
194 3430 229 3490 de
240 3432 351 3489 Christo
361 3434 507 3490 carrraliter
517 3435 640 3491 sentiunt
655 3452 662 3487 :
676 3443 704 3491 at
717 3449 782 3491 uero
794 3433 853 3490 haec
863 3433 934 3503 tria,
1024 3431 1110 3500 item,
1124 3430 1187 3503 quia
1200 3430 1272 3488 heus
1284 3444 1346 3485 cum
1361 3428 1472 3501 spiritns
1484 3428 1530 3496 sit,
1541 3430 1720 3501 subjicientur
1730 3432 1791 3489 trai-

133 3539 193 3595 qua
204 3533 364 3596 sequuntur,
376 3524 410 3583 ad
421 3541 470 3583 eus
484 3527 621 3597 pertinent
634 3528 680 3599 qui
694 3526 729 3584 de
741 3526 850 3585 Christo
875 3541 936 3583 car·
987 3540 1065 3583 uersa
1079 3526 1135 3583 lieo
1148 3541 1209 3583 cum
1223 3526 1257 3581 ad
1269 3541 1349 3581 unam
1365 3526 1492 3582 uirtutem
1508 3526 1665 3597 redigentur
1679 3570 1686 3593 ,
1699 3528 1785 3597 etsie,

132 3615 232 3673 naliter
247 3618 387 3687 seatiunt;
404 3626 434 3675 ut
446 3620 621 3675 Deuseorum
634 3627 729 3676 rerrter
740 3618 793 3685 sit,
804 3628 831 3675 ει
850 3616 934 3691 pluria
987 3616 1095 3692 inquit,
1111 3618 1211 3688 poterit
1228 3616 1352 3673 uniuersa
1378 3607 1417 3672 illi
1437 3616 1571 3687 subdere,
1592 3618 1695 3675 scilicet
1719 3618 1786 3675 heo.

132 3708 160 3765 in
173 3711 337 3782 turpitudine
348 3726 444 3769 eorum
462 3720 490 3768 et
501 3721 607 3769 terrena
620 3710 738 3784 sapiunt.
986 3710 1080 3767 Videri
1093 3718 1184 3782 potest
1203 3710 1230 3767 in
1244 3709 1401 3765 continuum
1426 3716 1454 3765 ει
1479 3724 1534 3766 non
1559 3710 1735 3779 coniunctum
1760 3710 1788 3767 in

133 3806 136 3811 '
168 3802 252 3861 Vsus.
268 3803 314 3861 ιι).
329 3834 366 3847 -
381 3803 562 3861 Nostraeaim
579 3806 736 3862 tonomtatio
756 3806 783 3861 in
797 3805 867 3863 ecclia
886 3812 932 3862 eat.
986 3807 1129 3872 oratione,
1154 3819 1216 3861 cnm
1244 3803 1281 3860 ita
1304 3803 1395 3875 posuit
1413 3811 1443 3859 ut
1468 3803 1547 3875 potat
1570 3804 1649 3858 etiam
1669 3803 1790 3860 unitata

132 3891 232 3969 Utique
247 3896 475 3955 lroccontrarium
489 3899 621 3971 superiori
633 3906 694 3966 est;
719 3899 752 3955 ad
775 3899 854 3956 istam
869 3914 934 3971 par·
985 3899 1026 3955 itti
1039 3898 1163 3965 auidae,
1178 3912 1267 3970 neque
1280 3896 1411 3969 premisit
1423 3910 1478 3968 quo
1488 3893 1638 3953 referamus
1648 3896 1698 3952 itti.
1720 3895 1787 3953 Ete-

132 3999 186 4049 tem
200 3998 291 4049 tamen
305 3992 377 4065 quod
391 3992 459 4049 dixit
482 4000 592 4051 terrena
618 3993 745 4065 sapiunt,
774 3992 934 4049 aestimando
985 3991 1078 4049 nimai
1092 3987 1542 4056 iitiadheumrerommus,heus
1560 4003 1642 4060 supra
1664 3988 1786 4045 norniaa·

131 4076 269 4141 Christum
284 4083 421 4143 hominem
436 4100 517 4153 esse,
536 4094 564 4144 et
576 4084 826 4153 ltominemtuisse,
842 4094 933 4141 etnun
985 4095 1030 4143 tus
1040 4102 1094 4143 non
1105 4091 1163 4152 est,
1178 4084 1214 4140 sit
1234 4085 1380 4140 ohscurum
1404 4089 1434 4138 ει
1458 4096 1512 4137 nun
1536 4088 1657 4149 rectum,
1681 4080 1731 4139 sed
1750 4082 1786 4136 ah

134 4177 163 4236 iu
190 4193 273 4236 carne
299 4178 404 4247 luisse,
434 4178 482 4237 sed
507 4195 568 4235 cum
595 4194 677 4237 carne
701 4180 828 4247 uenisse,
853 4178 933 4235 sicuti
985 4180 1193 4249 interpretatore
1215 4177 1301 4248 magis
1321 4175 1438 4248 positum
1464 4188 1546 4245 quam
1568 4188 1585 4229 a
1610 4173 1703 4229 Panlo.
1725 4173 1786 4243 Quo

130 4264 219 4325 iudaei
232 4280 374 4327 venturum
388 4271 496 4340 dicunt,
516 4279 545 4329 et
556 4272 647 4329 cmmri
673 4270 803 4328 ltaeretici.
829 4272 865 4327 at
890 4270 932 4346 (t)
985 4276 1066 4349 igitur
1079 4274 1220 4332 rolerimus
1232 4273 1288 4329 ittit
1298 4272 1411 4328 Constat
1421 4269 1530 4341 quidem
1542 4270 1668 4342 ouooiam
1681 4271 1717 4326 oh
1730 4270 1784 4328 hoc

131 4370 309 4432 noscoutra,
332 4380 441 4422 arranem
468 4366 566 4435 uitam,
591 4374 619 4423 ει
628 4366 860 4423 conversationem
892 4366 933 4423 rt·
985 4376 1112 4441 operatur
1129 4364 1262 4434 Christus,
1295 4366 1333 4421 uti
1357 4366 1481 4421 uniuersa
1503 4364 1557 4420 Deo
1582 4364 1716 4434 stropium,
1732 4364 1782 4421 scd

131 4456 213 4511 readi
227 4456 252 4510 in
265 4457 342 4513 coelis
353 4456 484 4515 hahemus
495 4475 502 4527 ;
513 4459 662 4517 sentientes
684 4459 719 4517 de
730 4460 799 4517 coelo
822 4459 932 4517 uenisse
984 4461 1030 4518 hio
1043 4460 1089 4518 liei
1103 4458 1263 4532 significatio
1284 4458 1359 4514 nulla
1378 4465 1429 4515 est.
1445 4457 1504 4527 Quo
1524 4457 1605 4529 igitur
1623 4455 1783 4513 referimus?

131 4544 286 4618 Christum,
311 4550 432 4609 induisse
445 4568 573 4622 curnem,
615 4554 641 4609 in
676 4569 758 4612 cruce
782 4554 928 4612 strhlatunr.
984 4553 1187 4625 intelligendum
1197 4552 1334 4623 utromodo
1344 4551 1473 4618 hreriter,
1484 4557 1513 4606 ει
1524 4556 1617 4619 aprerte
1629 4558 1718 4607 tanum
1730 4566 1781 4621 po·

130 4638 253 4713 lienique
266 4646 307 4701 sic
318 4645 442 4717 adjungit
454 4662 463 4701 :
477 4647 545 4703 unde
571 4647 646 4703 etiem
674 4649 816 4705 salutarem
829 4645 869 4723 (2)
885 4625 969 4703 εε-Ῑ)
983 4647 1068 4703 suerit
1080 4647 1173 4702 Deum.
1184 4644 1252 4701 Nam
1267 4659 1329 4702 cum
1342 4645 1410 4701 dixit
1433 4644 1505 4715 quod
1528 4642 1673 4712 Christus,
1700 4660 1781 4717 ouem

134 4745 266 4807 postumat
281 4736 419 4795 Dominum
435 4750 550 4796 trottrunt
567 4739 657 4796 iesum
676 4740 815 4796 Christum.
838 4738 875 4797 Ut
902 4748 930 4798 et
983 4749 1173 4810 expectamus,
1186 4737 1387 4810 transfiguravit
1411 4751 1510 4808 corpus
1532 4735 1693 4794 humilitatis
1717 4752 1782 4794 nus·

134 4828 198 4887 lade
212 4830 333 4900 uenerit,
347 4830 446 4887 atinde
468 4840 598 4889 venturus
620 4832 665 4888 sit.
691 4832 796 4889 liternino
820 4832 842 4888 si
867 4831 929 4889 inde
982 4842 1049 4902 tre,
1063 4844 1093 4891 ut
1106 4835 1194 4906 ipsum
1216 4847 1315 4903 crrrpus
1330 4831 1488 4887 humilitatis
1511 4844 1613 4888 nostre
1636 4833 1672 4889 sit
1696 4830 1781 4903 mqui-

130 4930 262 4979 venturns
277 4930 337 4992 est,
351 4934 379 4981 et
389 4931 453 4982 aute
464 4924 526 4981 inde
536 4926 619 4981 venit.
630 4924 682 4995 Qui
694 4926 765 4981 enim
781 4923 927 4994 ascendit,
982 4926 1070 4984 forme
1091 4942 1151 4983 cum
1176 4940 1291 4995 corpore
1316 4924 1410 4998 glorie
1434 4924 1536 4995 ipsius;
1560 4924 1605 4981 hie
1616 4934 1658 4981 εει
1671 4926 1715 4982 rrhi
1730 4924 1782 4982 liei

130 5012 189 5087 ipse
200 5022 242 5071 cst
254 5022 282 5072 ει
295 5015 339 5088 qui
353 5015 503 5073 descendit.
524 5016 594 5089 Ergo
607 5031 656 5073 nos
668 5019 694 5073 in
709 5018 785 5075 coelis
797 5017 929 5074 lustremus
979 5020 1157 5093 intelligentia
1171 5018 1312 5089 accipitur,
1327 5019 1421 5089 etipse
1435 5018 1517 5089 Deus,
1528 5033 1589 5075 cum
1603 5018 1671 5074 dixit
1682 5032 1782 5073 secun·

129 5111 458 5215 conversationemque
472 5112 536 5169 inde
547 5118 576 5168 ει
593 5110 740 5168 Salutarem
767 5122 929 5184 expectamur
1017 5140 1058 5217 (1)
1070 5141 1162 5211 ΜΟ,
1177 5140 1221 5207 qui
1234 5138 1383 5213 “pamm
1398 5156 1493 5211 wrm
1502 5112 1661 5194 'numm-m„
1674 5149 1780 5207 nom,

130 5200 493 5261 Doaaaumaottruntieaum
501 5201 928 5276 Christum,quirenturusestad
980 5214 1283 5286 mppmmmppppm·
1293 5214 1418 5268 ptumam
1437 5228 1505 5279 ηρ,
1526 5212 1667 5267 munaum
1688 5227 1782 5281 om.

127 5296 258 5371 judicium
272 5297 415 5371 postremis
427 5298 611 5369 temporibus:
627 5297 717 5354 eterit
728 5296 806 5354 nohis
821 5296 930 5352 Saluta·
980 5287 1089 5353 tionem,
1102 5286 1238 5358 stadim
1253 5286 1333 5357 9⁰⁸⁸&
1346 5285 1471 5353 autpieere
1480 5284 1529 5338 ἰιι
1544 5283 1640 5337 anania.

129 5394 179 5464 ris,
191 5396 252 5466 ouria
263 5394 289 5452 in
305 5394 391 5466 ipsum
404 5394 550 5460 credimus,
560 5399 588 5451 et
595 5391 730 5451 Christum
742 5398 926 5465 expectamus.
1027 5358 1060 5501 ἒ)
1070 5357 1158 5486 ‘effi
1173 5360 1227 5502 59⁰3
1244 5429 1325 5502 igin„
1340 5429 1381 5483 vel
1393 5427 1488 5512 W
1501 5426 1543 5485 ve.
1554 5427 1670 5500 ,fin-m·
1695 5426 1731 5482 M
1751 5426 1779 5484 p„

167 5486 251 5545 Vsus.
274 5486 319 5545 2l.
333 5517 371 5531 -
391 5486 441 5557 Qui
453 5486 642 5559 trantpipuraoit
662 5485 700 5560 (5)
714 5501 806 5557 eorpus
825 5484 929 5539 hnmili-
981 5502 1156 5570 „amphus
1170 5503 1240 5558 ΝΜ,
1255 5501 1317 5557 md,
1331 5515 1438 5571 ,pem

131 5570 191 5641 tatia
214 5593 319 5653 nattam,
344 5590 372 5640 att
400 5584 434 5639 tit
457 5580 606 5655 aequiforme
617 5597 684 5655 benm
707 5596 820 5654 ¹torpore
838 5579 930 5653 pior-ico
1019 5573 1061 5659 (l)
1076 5572 1114 5630 lta
1129 5590 1159 5631 εε
1172 5573 1253 5658 trahet
1264 5574 1338 5628 locum
1353 5576 1379 5627 in
1390 5570 1470 5655 ευιι.
1485 5570 1576 5643 Atque
1590 5569 1661 5627 haud
1674 5569 1733 5627 seio
1746 5584 1781 5627 an

982 5657 1049 5705 satrs
1062 5647 1214 5719 theologice
1230 5647 1353 5717 loquatur
1365 5642 1535 5699 Victorinus:
1561 5644 1609 5699 sed
1630 5653 1705 5699 certe
1730 5642 1782 5697 olr-

167 5724 198 5871 g
226 5796 306 5869 Vulp.
325 5795 500 5883 saluatorem.
828 5866 833 5880 .
984 5792 1068 5857 tell,
1082 5792 1151 5848 mi.

168 5870 197 5944 (5
220 5868 259 5925 lta
273 5866 352 5927 codd.
365 5869 427 5925 herc
440 5880 467 5925 ει
480 5866 566 5937 mira,
581 5882 635 5926 non
651 5864 853 5942 transtipnrairt.
1022 5861 1063 5938 (5)
1077 5862 1163 5921 Codd.
1179 5873 1213 5919 ει.

247 5978 250 5987 ’
355 5962 496 6026 Parnon.
512 5953 598 6026 vlit.
676 5978 679 5985 ·
1465 5954 1505 6016 39

197 5723 307 5943 }Codd.
327 5724 371 5780 nd.
983 5716 1351 5777 sturitatesuaseiurolrit.
1367 5716 1469 5772 llecole
1491 5714 1596 5773 Petarii
1615 5714 1717 5772 dictum
1727 5715 1783 5775 eol.
