3975 6292
246 206 299 275 ‘lii
873 203 1091 272 nordbertus
1112 194 1253 271 vernol
1814 208 1857 288 lif!

247 332 298 387 bns
313 330 384 403 regis
398 332 568 391 consentius
585 331 734 405 repellebat
746 331 876 391 audacius
890 345 1045 405 repugnan-
1057 328 1156 391 tisino
1178 328 1263 387 credo
1285 328 1369 387 luisse
1391 328 1564 403 dispositum,
1580 326 1649 403 ‘quia
1667 326 1752 395 duruit
1764 352 1855 413 superna

248 434 299 481 tes.
313 424 388 494 Qos
399 440 463 483 cum
476 427 605 485 diuturno
622 426 772 485 cerumine
786 434 944 499 superaret,
957 426 1046 499 ipsum
1100 422 1255 495 dignatione
1268 426 1473 497 provisumst
1491 428 1542 483 boc
1556 428 1627 484 enim
1639 418 1677 485 sic
1692 430 1809 491 voluiteos
1820 440 1856 494 bo·

248 532 357 589 peronne
370 520 565 589 imperatorem
578 520 700 592 respexit
709 520 801 577 subito
814 521 988 578 uenientemr
1002 519 1048 593 qui
1100 518 1192 573 minus
1205 516 1313 574 sibimet
1326 518 1403 575 unius
1414 519 1467 577 diei
1480 520 1609 577 dilatione
1620 522 1745 593 concludi,
1755 534 1859 587 ntseonn-

247 627 309 667 cum
322 612 357 668 ad
371 612 559 685 complendam
572 612 723 685 iussionem
738 612 881 671 abeodem
893 622 1047 685 cogeretur,
1102 608 1167 665 dnn
1180 610 1268 669 risutn
1289 612 1417 685 martyris
1432 614 1472 669 sni
1487 609 1586 675 laceret
1604 615 1754 687 populorum
1767 622 1857 681 excuba-

248 708 345 767 tortior
358 708 491 767 refutabat
502 712 641 783 sacrilegae
651 711 783 783 jussionis
795 710 950 784 imperitior,
961 721 987 767 et
1001 710 1049 767 mi·
1102 704 1219 761 tionibus
1239 704 1378 775 honorari,
1401 720 1464 763 narn
1485 720 1673 765 consummato
1691 704 1756 766 isaac
1773 712 1860 783 perlecti

247 802 476 877 nanciscendam.
493 804 619 877 minanti)
632 817 705 861 scra
717 803 859 876 supplicia.
872 802 1050 875 ipsequoqne
1101 796 1225 869 martyrii
1236 800 1325 855 notius
1337 805 1496 855 cunctorum
1507 812 1586 857 aoros
1598 798 1860 875 impleueranldcnjus

246 896 356 952 ocntlom
370 912 401 953 ae
414 898 454 953 illi
476 896 728 970 pariterorotorom
748 896 884 967 frequenti
896 895 1047 953 eonomine·
1102 899 1203 959 corpus
1222 891 1348 948 uniret-sa
1362 890 1491 947 corntinuo
1513 890 1666 949 fraternitas
1686 882 1748 949 lactis
1765 894 1862 953 cursibus

248 990 323 1047 tione
338 990 466 1047 terribilis
476 990 662 1063 promittebat.
677 988 745 1047 cnm
766 990 808 1048 bis
826 990 873 1047 diu
890 987 1048 1047 certationi·
1101 993 1314 1055 properaverat,
1330 986 1427 1057 ouibus
1442 1000 1503 1043 oum
1518 986 1655 1061 sepultura
1670 990 1780 1059 eorporis
1795 1002 1862 1047 arar-

248 1083 299 1140 ons
313 1086 384 1141 inter
395 1082 684 1155 semenipsosiemtns
698 1084 937 1148 dimissionem
953 1090 1050 1155 passus
1101 1075 1225 1135 nitoibm
1237 1086 1393 1151 negaretur,
1407 1079 1536 1137 excubias
1550 1092 1657 1147 ornnes,
1672 1092 1704 1137 nc
1721 1080 1862 1139 innonatur

247 1184 289 1230 usn
305 1182 409 1232 snunn
429 1190 461 1233 se
474 1175 579 1234 errent
594 1178 727 1234 sennen
740 1188 749 1231 s
761 1176 810 1233 seu
825 1175 923 1248 rupea
943 1176 1052 1235 imiter
1100 1181 1200 1241 cortus
1219 1168 1396 1241 illiceretur,
1420 1184 1482 1227 sun
1504 1184 1602 1245 magna
1617 1170 1773 1227 exutuuon
1792 1182 1864 1230 uno·

248 1282 331 1325 meno
346 1282 451 1324 moram
465 1282 523 1325 aoae
534 1268 756 1325 comminationis
770 1268 884 1340 irrupit,
900 1272 928 1323 ei
940 1268 1051 1325 oculum
1100 1271 1173 1329 root,
1189 1261 1243 1319 illic
1257 1271 1313 1321 tota
1330 1263 1375 1321 die
1392 1278 1454 1323 eom
1471 1274 1552 1323 nocte
1568 1264 1662 1339 populi
1682 1264 1864 1338 triurnphantes,

246 1360 382 1417 rloleutev
396 1360 521 1426 eliciens,
539 1360 651 1417 uiduata
663 1358 734 1417 iacis
748 1360 786 1423 lin
802 1359 881 1416 dui.
894 1358 991 1431 iacies)
1004 1374 1051 1415 se*
1101 1356 1230 1427 psalma,
1255 1356 1379 1431 bytunis,
1403 1358 1517 1417 canticis
1539 1360 1568 1417 in
1589 1359 1763 1416 testimonium
1783 1361 1865 1417 conctis

247 1452 310 1510 dero
333 1453 444 1509 bominis
463 1455 615 1511 evacuarit.
638 1453 680 1510 ba
693 1453 770 1525 culus
792 1452 904 1510 victoria
926 1454 1049 1524 protiom
1099 1450 1217 1521 gloriose
1231 1450 1469 1511 meanubanmet
1485 1454 1574 1511 omnis
1587 1460 1653 1510 {ctas
1669 1453 1865 1511 acsernsinter-

245 1547 355 1621 invenis
369 1549 449 1604 mirre
468 1548 640 1605 claritudinis
664 1548 739 1605 tism
760 1554 802 1605 est
826 1545 1004 1619 triumphare,
1022 1554 1050 1605 et
1100 1557 1162 1599 csse
1188 1544 1270 1601 tantis
1291 1544 1517 1617 gratulationibus
1539 1544 1645 1602 ardenti
1663 1545 1800 1617 eupiditate
1816 1560 1865 1618 gau·-

246 1654 375 1697 coronatn
399 1641 516 1697 salvlnde
540 1640 674 1698 radiatam
696 1641 778 1713 capiti
804 1640 864 1713 ejus
887 1640 1048 1713 imponere:
1100 1634 1192 1691 debat.
1208 1636 1295 1703 Quale
1308 1635 1360 1692 lali
1380 1638 1463 1706 illud,
1479 1636 1592 1704 iratres,
1612 1637 1686 1711 quod
1699 1637 1870 1693 Domimssois

247 1735 345 1807 qinibos
365 1735 450 1792 radiis
475 1738 567 1793 multae
590 1736 703 1793 iratrnm
721 1738 803 1807 atque
822 1746 949 1793 sororum
966 1732 1050 1791 iacies
1063 1738 1089 1799 Β
1102 1730 1267 1801 martyribus
1279 1732 1315 1787 ad
1327 1731 1460 1789 bonorem
1474 1732 1600 1805 dignatos
1623 1740 1667 1789 est
1686 1738 1869 1803 prostrarent

246 1830 307 1901 ejus
319 1830 482 1886 videbantur
497 1828 597 1896 indiae,
617 1843 699 1903 qoam
721 1841 783 1885 cum
803 1828 844 1885 illl
865 1842 916 1900 pro
936 1827 1049 1899 praemio
1100 1836 1167 1879 trtttl
1189 1825 1244 1881 bal.
1265 1824 1340 1897 sept.
1362 1828 1407 1885 die
1426 1827 1539 1885 sabbato
1558 1826 1591 1884 ad
1608 1828 1696 1885 instar
1709 1826 1809 1885 Pescla
1822 1840 1869 1897 per·

247 1923 368 1979 traderet
393 1923 433 1994 itu
455 1920 533 1979 Cori.
561 1920 681 1996 trudere)
705 1922 837 1994 gaudena,
862 1919 1049 1977 adnmsarium
1099 1917 1255 1977 mitteretur
1268 1918 1383 1993 popolus
1403 1920 1506 1995 vigilias
1521 1922 1674 1979 celebrare.
1689 1923 1732 1981 sic
1750 1936 1807 1992 ergo
1824 1934 1870 1993 prr·

247 2030 356 2089 meoque
368 2016 474 2087 magnis
486 2014 743 2087 exprobrationibus
756 2012 1045 2070 ladibcalntlrridens.
1100 2020 1176 2069 aolus
1188 2012 1318 2080 caldius,
1334 2022 1361 2071 et
1375 2023 1430 2071 nea
1454 2015 1491 2071 iia
1512 2022 1676 2087 coostmrpiu
1702 2020 1752 2071 est.
1771 2012 1825 2069 lior
1837 2010 1874 2067 ubi

247 2110 423 2167 Tuncbostis
438 2109 592 2166 relterncnti
613 2108 709 2165 dolore
721 2108 877 2179 compulsos
890 2108 972 2181 jessit
985 2122 1048 2163 eum
1107 2104 1249 2163 dissuitur
1268 2110 1451 2176 mortuaest,
1475 2114 1503 2165 et
1525 2109 1733 2179 exspectabatur
1753 2104 1872 2181 proconsul

247 2202 337 2275 pmois
358 2202 533 2260 sevientibus
555 2201 670 2271 lanlorl,
696 2205 726 2257 ut
746 2202 823 2273 quusi
844 2216 953 2274 poenum
970 2215 1048 2257 soant
1106 2198 1153 2269 gui
1166 2196 1201 2255 de
1222 2200 1345 2273 eorporis
1358 2199 1513 2259 lunatione
1531 2202 1680 2273 jussisset,
1702 2200 1763 2274 quid
1782 2201 1875 2257 lorsitan

247 2303 341 2369 posset
352 2296 454 2352 ulcisci.
467 2294 522 2353 Sed
534 2294 581 2351 ille
588 2296 646 2368 jam
658 2296 744 2353 vietor
755 2294 885 2352 cernebat
897 2308 927 2350 se
940 2298 1048 2365 gestau
1099 2294 1261 2351 concederet
1286 2296 1379 2364 miser,
1394 2296 1466 2369 rond
1481 2310 1596 2368 negasse
1610 2306 1663 2353 nec
1684 2295 1815 2353 bornicidis
1831 2306 1871 2349 nec

247 2390 316 2444 ilum
326 2389 452 2445 manibus
464 2385 499 2445 ad
514 2388 654 2459 superiora
670 2386 795 2454 subduci,
808 2396 837 2445 ct
849 2385 986 2443 uolantem
1000 2398 1047 2443 ce·
1100 2386 1231 2443 adstiteris
1249 2386 1319 2445 ullos
1332 2388 1457 2457 iudicum
1469 2389 1549 2455 solet,
1564 2388 1616 2445 nisi
1637 2402 1656 2446 e
1675 2396 1766 2445 contra
1782 2384 1874 2443 trudin-

246 2482 330 2539 lorios
340 2482 373 2537 ad
387 2482 518 2540 etelorum
530 2481 657 2539 sublimia
667 2482 804 2539 subleuari
815 2502 822 2536 ι
834 2462 1048 2555 nosocomiarius
1098 2492 1160 2535 rum
1174 2492 1246 2535 soere
1259 2481 1396 2551 pernicies
1408 2481 1444 2537 ad
1461 2482 1629 2539 crudelitatis
1644 2480 1772 2553 capienda
1784 2478 1874 2536 consilia

247 2577 417 2643 ascenderet,
432 2575 506 2632 senis
518 2574 660 2647 cuiusdam
674 2574 849 2633 rocilerantis
864 2573 1048 2631 audiebatur
1099 2571 1243 2643 vigilrretl
1258 2584 1372 2645 puerum
1390 2575 1562 2647 suggestione
1576 2574 1724 2645 proconsul
1742 2580 1800 2629 tnnc
1815 2584 1877 2626 cono

247 2681 308 2725 cent
321 2670 581 2743 desuperdicentem
594 2686 604 2725 τ
615 2668 855 2727 iactlbisaeculonr
866 2666 930 2740 quia
941 2666 1045 2740 peristi.
1099 2666 1270 2747 tuspopolos
1283 2664 1325 2741 ill
1335 2682 1352 2723 a
1363 2682 1473 2725 carcere
1485 2668 1566 2741 iussit
1579 2670 1693 2741 expelli,
1709 2679 1736 2727 et
1746 2668 1827 2724 tiron
1840 2678 1877 2737 pt·

247 2764 304 2821 llos
318 2764 437 2823 elamore
450 2775 492 2823 ter
507 2766 617 2833 iterato,
626 2762 738 2821 visionis
749 2764 874 2837 pervertit
886 2762 921 2819 ad
933 2772 1046 2831 metam,
1098 2763 1166 2819 riter
1180 2774 1241 2819 cum
1256 2762 1394 2832 taionem,
1406 2764 1520 2823 marinis
1530 2762 1661 2831 luctibus
1670 2765 1763 2839 mergi,
1776 2778 1807 2820 oe
1817 2758 1879 2835 putul

247 2869 274 2917 et
289 2860 396 2917 iteravit
411 2858 584 2929 postmodum
601 2858 724 2916 iaciendo
736 2857 809 2931 qood
821 2856 935 2915 uiderat.
1098 2856 1268 2929 permitteret
1282 2870 1330 2915 cos
1345 2856 1503 2928 dignitatern
1518 2866 1671 2932 martyrum
1686 2857 1814 2915 venerari.

203 2941 208 2947 ’
282 2957 353 3029 Quid
364 2958 445 3033 igitur
459 2957 510 3015 bac
523 2960 628 3016 risiorte
648 2952 839 3013 munilestiusl
854 2949 921 3027 quid
940 2954 982 3027 agi
998 2967 1047 3027 per
1133 2948 1219 3017 Quam
1234 2950 1317 3007 stulta
1327 2950 1484 3019 crudelitas,
1498 2966 1559 3023 quoe
1573 2960 1690 3025 corpora
1703 2952 1786 3009 notuit
1796 2947 1879 3007 nostris

247 3046 320 3111 diem
343 3057 435 3125 posset
449 3049 740 3124 expressius,quundo
753 3051 779 3106 iu
799 3045 904 3106 actibus
924 3046 1046 3120 digestus
1098 3046 1223 3103 munibus
1250 3047 1408 3121 abnegare,
1434 3050 1514 3121 quiesi
1536 3053 1740 3110 venerationem
1763 3048 1833 3105 nobis
1853 3042 1880 3101 dc
1957 3080 1958 3127 p

248 3156 290 3202 est
300 3144 482 3203 risos‘lllunc
492 3158 662 3219 oppugnasse
676 3153 706 3201 se
718 3151 812 3200 contra
825 3141 966 3198 ministros
976 3140 1049 3213 regis
1061 3134 1085 3199 C
1101 3146 1191 3197 mente
1206 3148 1297 3211 posset
1311 3140 1420 3199 aulerre
1433 3158 1440 3199 :
1455 3150 1502 3199 aut
1515 3144 1538 3201 sl
1550 3144 1589 3201 illl
1605 3136 1663 3203 non
1681 3144 1850 3219 sepelirentur
1859 3140 1881 3197 ln
1957 3200 1958 3215 χ

248 3238 289 3297 sic
303 3239 423 3295 incocto
436 3236 487 3297 sibi
501 3239 552 3295 soli
566 3237 718 3309 conspexit,
733 3237 803 3293 sicut
819 3244 867 3307 per
880 3227 953 3290 dieto
967 3233 1046 3289 uobis
1100 3240 1182 3300 terre,
1198 3246 1251 3289 nun
1266 3242 1376 3304 possent
1388 3233 1468 3293 aliter
1478 3250 1561 3309 regna
1573 3236 1681 3295 intrare
1694 3234 1827 3295 coelestia!
1839 3230 1881 3289 Sed

248 3332 421 3403 postmodum
449 3328 647 3389 demonstrauit
670 3347 677 3386 ε
698 3328 739 3387 sle
768 3326 858 3384 lonten
888 3322 1048 3398 imperatori
1097 3324 1883 3403 accessitillistrdfelicitatisorgumentuni,utcideiunctl
1957 3364 1958 3419 ἰ

248 3423 366 3493 eruisse,
381 3423 420 3480 sic
431 3432 493 3480 eum
508 3420 625 3479 babebat
637 3418 909 3487 uincendoeaectsse,
925 3418 964 3474 slc
978 3426 1047 3491 prm·
1098 3426 1161 3491 post
1186 3428 1294 3479 terrena
1316 3420 1450 3493 supplicia
1471 3434 1520 3494 pro
1534 3420 1645 3481 Christo
1669 3424 1781 3480 marinis
1794 3430 1883 3493 quoque
1957 3478 1958 3485 g

250 3516 424 3573 miacomnat
434 3515 547 3572 sortitos
557 3515 662 3583 est,sic
676 3522 704 3570 et
715 3512 823 3585 publice
835 3520 982 3569 coronatus
993 3520 1045 3580 est;
1099 3512 1289 3571 uexationibus
1301 3522 1489 3587 mitterentur,
1506 3524 1544 3575 nc·
1559 3516 1632 3575 ullus
1656 3518 1735 3577 loeus
1752 3516 1885 3575 remaneret

247 3608 288 3663 sle
301 3618 411 3665 corones
422 3603 509 3665 ratbis
518 3607 655 3679 plurimos
667 3606 804 3665 lnbaetere
825 3604 932 3663 uiderat
942 3605 1046 3673 rubrus,
1098 3604 1126 3662 iu
1138 3605 1249 3673 mundo,
1264 3606 1309 3663 obi
1323 3617 1376 3663 non
1391 3607 1536 3665 irriserant
1550 3610 1710 3667 inimicum.
1725 3604 1780 3667 lloc
1796 3608 1844 3664 illis
1855 3602 1884 3660 ad

248 3702 319 3758 sicot
333 3701 452 3774 passiani
466 3702 527 3773 eim
545 3702 688 3761 universus
701 3701 817 3775 populus
829 3696 916 3755 iuerat
928 3696 1047 3755 exculta-
1099 3702 1221 3759 cumulos
1234 3702 1432 3774 triumphorum
1454 3704 1608 3775 providerat
1628 3706 1775 3775 llominos,
1786 3708 1814 3761 ul
1826 3704 1850 3759 ct
1864 3698 1886 3754 in
1957 3740 1958 3779 p

248 3805 343 3852 toros:
359 3797 399 3852 sic
419 3793 521 3852 volarit
542 3794 697 3863 adcoelum,
720 3794 793 3852 sicut
809 3800 926 3867 propere
948 3790 1049 3849 meruli
1099 3794 1199 3868 majori
1211 3795 1275 3854 odio
1291 3794 1385 3853 secoli
1400 3796 1587 3866 laborassent,
1608 3806 1637 3857 et
1654 3802 1681 3857 in
1698 3796 1826 3856 defunctis
1838 3806 1886 3849 cor·

247 3888 363 3962 adipisci
383 3890 554 3964 martyrium.
574 3884 632 3947 Hoc
649 3887 737 3945 solum
751 3888 831 3961 plone
846 3886 880 3945 de
896 3886 974 3943 dictis
988 3886 1052 3958 ejus¹
1100 3887 1211 3959 poribus
1227 3896 1319 3960 posset
1340 3886 1411 3945 sieut
1428 3898 1457 3945 et
1474 3890 1501 3946 ln
1523 3888 1589 3947 titis
1610 3891 1747 3949 exhibere
1767 3888 1886 3945 uirtutem.
1957 3894 1958 3947 t

246 3982 336 4040 adinoc
350 3982 582 4055 usqoerestitisse·
593 3982 776 4055 cognoscitur,
788 3978 973 4053 cuodmondo
984 3993 1049 4050 pro·
1102 3978 1220 4035 veniunt
1240 3992 1305 4052 ergo
1319 3980 1353 4036 ad
1369 3993 1505 4049 carcerem
1524 3982 1626 4041 milites
1649 3990 1679 4041 et
1693 3982 1777 4040 triarii
1792 3976 1888 4035 lusibus

247 4075 369 4148 poetam
382 4076 533 4144 interitum,
550 4072 714 4148 quodcum,
734 4082 830 4131 ornnes
843 4072 976 4144 siqnidem
992 4070 1048 4128 sci·
1100 4072 1223 4141 onerati,
1245 4082 1273 4130 et
1289 4074 1332 4131 ria
1345 4074 1429 4133 codis
1446 4075 1560 4149 populos
1579 4078 1775 4151 repellentes,
1795 4080 1890 4131 cunctos

248 4182 308 4224 mos
318 4181 373 4225 nou
389 4165 473 4225 luisse
486 4171 640 4237 mentitum,
656 4168 754 4241 aiqols
769 4166 886 4223 lorinsse
907 4166 942 4225 de
955 4164 1048 4224 lintri·
1102 4178 1171 4237 pene
1184 4164 1304 4223 iecermi
1316 4168 1482 4227 volneratos.
1503 4168 1618 4227 Tantum
1638 4172 1717 4229 eninr
1732 4166 1823 4228 debuit
1833 4178 1891 4223 onar-

249 4260 301 4317 bus
313 4258 873 4332 expavesceretttartmianuminparen
888 4258 1049 4334 incanduit
1102 4268 1192 4335 tyrum
1204 4261 1330 4335 dignitati
1340 4264 1465 4335 concedi,
1478 4272 1508 4323 ot
1521 4274 1570 4337 pro
1584 4269 1734 4341 sepultura
1748 4281 1836 4325 eorum
1846 4274 1892 4319 ne·
1957 4324 1958 4335 p

244 4353 322 4425 prior
330 4352 482 4419 connum,
497 4356 637 4426 superstes
649 4362 691 4409 est
704 4354 814 4410 modico
827 4355 949 4426 ternpore
959 4364 1050 4411 reser-
1102 4360 1263 4411 mrentaret
1273 4354 1493 4414 altericouilteri.
1505 4354 1606 4417 Postea·
1617 4368 1704 4433 quarn
1714 4361 1757 4417 nia
1769 4358 1891 4416 valuerunt

245 4452 333 4500 ratus.
351 4442 584 4502 ibsiilrattresui
598 4443 765 4514 striduntur,
781 4446 846 4517 tinia
863 4447 1050 4520 mquallprae·
1104 4447 1246 4505 tmlrersos
1261 4448 1406 4507 esclutlere
1431 4450 1587 4509 delmnetom
1603 4455 1717 4525 pariter·
1734 4464 1763 4511 et
1780 4444 1892 4525 supersil-
1957 4458 1958 4481 ³

244 4538 478 4611 tiopuguarerunt
492 4553 501 4607 ;
515 4548 578 4595 nara
588 4539 803 4611 sipcrdltersas
816 4539 898 4597 ituras
910 4541 1050 4601 venientes
1062 4535 1090 4607 D
1103 4546 1168 4607 tenu,
1182 4553 1216 4597 ex
1227 4550 1347 4615 strenue
1360 4542 1445 4600 latere
1460 4554 1513 4602 oon
1524 4558 1573 4617 par
1583 4546 1707 4619 militum
1721 4556 1844 4603 numerus
1853 4540 1891 4597 dc·
1957 4592 1958 4605 ,

143 4663 147 4668 -
249 4632 403 4691 adrineam
412 4634 542 4691 dominos
556 4634 592 4692 de
605 4644 687 4708 pacto
698 4634 833 4694 mercedis
842 4638 968 4708 aquarn,
982 4649 1050 4710 quo
1101 4634 1225 4693 ducebat.
1238 4636 1341 4693 delusit
1352 4652 1386 4694 se¹
1397 4638 1523 4697 nesciens
1536 4642 1698 4699 immanitas
1709 4655 1796 4709 rana,
1810 4640 1837 4695 nt
1847 4637 1893 4711 ipsa
1957 4692 1958 4707 ,

250 4722 333 4781 ruodo
346 4724 470 4798 dispares
481 4726 586 4799 indicat
600 4741 668 4801 qnos
685 4741 740 4786 ono
761 4729 1050 4801 temporebborantes
1101 4729 1157 4785 illis
1170 4728 1330 4801 prebuisset
1343 4730 1483 4803 obsequia,
1499 4733 1596 4804 quibus
1609 4730 1891 4807 augustiniensium
1957 4722 1958 4797 l

248 4816 369 4872 iuuerit
380 4814 438 4873 sed
448 4816 693 4892 quodlsaaoprior
702 4819 810 4878 ridetur
821 4820 969 4891 excedere,
984 4820 1050 4877 inde
1101 4823 1177 4881 littus
1187 4834 1358 4903 accesserunt
1369 4826 1463 4894 maris,
1475 4827 1530 4900 jam
1544 4830 1622 4886 naris
1636 4836 1772 4903 acceptos
1780 4836 1894 4899 martyres
1957 4818 1958 4835 ³

247 4910 335 4982 magis
351 4920 400 4967 eos
419 4911 486 4968 dim
495 4909 640 4970 munuum
653 4926 850 4988 comparasse:
865 4922 897 4973 ut
914 4918 988 4974 siem
1002 4914 1049 4974 ille
1101 4916 1261 4975 tenebatur
1278 4928 1422 4991 ruergmec
1437 4918 1488 4977 ist
1502 4919 1548 4977 obl
1563 4920 1703 4995 prolundi
1717 4916 1894 4996 aequorisdtl·
1957 4936 1958 4949 2

245 5004 717 5065 lnucmoiessionisinuitameuiorn
733 5019 916 5084 suggesserat,
931 5014 1046 5071 siceum
1102 5011 1223 5068 tnrdloenr
1245 5013 1394 5083 perniciter
1408 5014 1547 5083 introivit,
1564 5028 1620 5072 non
1644 5018 1764 5092 segnius
1782 5012 1895 5077 satelltes

245 5109 274 5159 et
290 5100 333 5157 irie
349 5100 626 5174 provocaretparlter
643 5102 678 5158 ad
691 5114 830 5160 coronam.
847 5104 950 5163 imbus
961 5108 1047 5165 uoluit
1098 5102 1205 5163 satane
1217 5104 1373 5163 celembant
1385 5106 1460 5180 iussa
1473 5110 1632 5183 complere,
1649 5112 1796 5171 devinctos
1809 5108 1896 5167 seilicet

245 5193 378 5252 dominos
390 5191 575 5264 sibimetipsos
596 5200 659 5251 esse
668 5194 803 5265 doctores,
815 5198 894 5255 atde
906 5198 1045 5258 ilttissitn-
1098 5197 1219 5271 turibus,
1234 5208 1262 5257 et
1277 5200 1356 5257 biam
1376 5213 1455 5259 orcas
1477 5216 1561 5260 arena
1574 5204 1727 5265 connlertas
1746 5205 1896 5281 singulorum

243 5286 476 5345 diuedoeorueoti
491 5283 604 5343 lecisset
618 5286 754 5358 sennim
777 5302 812 5346 ne
824 5284 937 5348 onosin
954 5294 1046 5349 omni·
1097 5292 1248 5351 ceruicibus
1260 5294 1429 5367 pedibusque
1443 5304 1594 5367 nectentes,
1611 5298 1767 5359 interuallo
1781 5309 1832 5355 non
1848 5306 1896 5351 nt·

243 5378 495 5445 busanteeederet,
517 5384 547 5435 et
567 5387 642 5434 onus
663 5378 693 5434 in
713 5380 838 5439 cornilius
857 5382 999 5442 ridermor
1016 5396 1052 5444 se
1098 5385 1205 5443 dicoab
1225 5385 1344 5445 invicem
1364 5396 1506 5461 separatos
1526 5388 1716 5465 demergente
1738 5392 1852 5467 pondere
1866 5382 1897 5445 dl·

245 5473 305 5542 ipse
326 5476 500 5541 sequentium.
523 5468 601 5526 llunc
621 5479 689 5526 vero
701 5470 787 5528 ambo
800 5484 834 5530 se·
845 5474 962 5531 inuicem
975 5486 1047 5549 prae-
1097 5478 1231 5537 miserunt
1241 5479 1281 5554 (in
1295 5478 1374 5537 dori.
1387 5480 1599 5558 demerserunt).
1615 5484 1699 5555 Quos
1710 5489 1774 5545 sinu
1785 5486 1821 5557 (in
1833 5478 1895 5540 cni.

246 5562 531 5633 reseruassemus
544 5562 707 5621 seinvicem
725 5567 866 5623 consecuti
877 5576 951 5625 sunt.
1097 5574 1167 5629 nam
1178 5572 1219 5644 se)
1232 5574 1343 5647 pelagus
1355 5576 1676 5653 proiectosotagoonit,
1693 5583 1825 5642 continuo
1836 5573 1898 5653 quasi

281 5657 335 5716 sed
347 5658 460 5715 reclusis
470 5658 582 5717 interint
594 5652 720 5716 menube
730 5660 860 5730 carmus
875 5661 958 5717 naris
970 5660 1044 5720 selli-
1135 5683 1175 5761 (g)
1195 5680 1239 5744 pm
1252 5690 1415 5747 ,mmmm
1425 5708 1456 5751 ex
1470 5692 1528 5752 cod·
1541 5688 1621 5754 Μ.
1638 5691 1719 5759 mk
1732 5701 1762 5759 ᾖ
1769 5700 1841 5760 ‘dm
1849 5708 1897 5773 pm,

246 5761 291 5811 cet
310 5750 345 5808 ad
368 5750 480 5810 erilium
497 5758 682 5825 preparatur:
698 5744 838 5826 qoodnon
851 5754 1048 5814 bommucon-
1098 5758 1181 5816 tiars.
1199 5830 1207 5837 ι
