3975 6292
112 255 161 314 out
648 245 862 306 FRAGMENTA
882 247 1108 310 sutttrrottutt
1126 245 1222 306 thll.
1710 243 1766 304 962

113 373 212 430 Filium
227 368 444 428 heinsueuloet
458 363 747 424 succenturiatum
763 365 910 422 seruitium
926 370 951 432 Α
966 392 1011 448 pp
1024 391 1057 446 ale
1067 390 1150 447 Sem,
1163 396 1213 444 aa,
1224 386 1251 454 8,
1266 394 1337 453 teste,
1352 385 1567 458 „mpelppopmu
1580 381 1646 441 pupp-
1657 384 1692 440 ap
1704 383 1770 440 θέο,

113 456 171 536 ej'us
185 463 331 518 :alterumn
345 458 466 517 carrlitcri
485 457 638 516 etloctriau
654 457 724 514 sueri
740 457 910 529 baptismatis
967 489 1069 562 nmium
1087 486 1192 561 syuodo
1213 484 1355 556 Ephesinae
1379 485 1507 540 insertam
1530 491 1665 551 mmm
1680 493 1766 554 mque,

114 557 266 616 didicimus·
283 561 379 613 ‘'imm'‘
970 584 1009 638 uti
1021 581 1174 650 Paestanum,
1189 580 1233 636 tu.
1242 597 1262 648 r,
1272 597 1296 636 c.
1305 579 1333 647 5,
1347 580 1435 646 tracis,
1448 579 1474 635 iu
1487 579 1666 636 assertionem
1679 578 1770 633 tranis·

116 669 268 714 ⁵¹³Pss⁸¹⁰¹¹¹⁵
292 668 426 711 ΕΡΜΜ
450 669 514 710 ⁸⁰¹¹·
540 651 569 719 θ’
587 668 673 708 vm*
687 668 720 708 ΕΚ
736 667 917 708 ¹⁸T⁸¹³¹²¹¹m
970 677 1030 732 simi
1044 675 1086 732 sui
1099 675 1200 731 erroris
1212 672 1414 730 diutullulium
1435 671 1585 726 herstanum
1608 668 1702 726 nescia
1724 666 1771 724 uhi

152 763 231 806 *¹⁰⁸³
245 763 359 812 turtum
373 761 485 804 ⁰⁰⁸⁰¹L¹¹
498 761 619 802 mmm
631 761 698 802 ΜΒ
711 761 842 802 ”imm
856 759 917 802 w·
972 770 1145 841 rescripsisse
1155 767 1226 838 «puae
1235 783 1287 823 uus
1296 767 1330 823 sit
1340 765 1440 823 Christi
1455 775 1549 821 nutura
1560 782 1568 830 ;
1580 781 1623 821 eos
1634 762 1774 818 taceam·

153 857 229 900 cm·
245 856 362 908 ⁶⁰N⁰¹P¹
378 855 404 895 Τ·
423 855 442 908 ἰ
455 856 481 894 ¹²·
496 837 560 896 ¹²⁶⁷·
973 864 1042 920 uarii
1053 863 1179 919 conuincit
1190 861 1259 917 idem
1269 858 1425 926 Facundus,
1440 857 1548 931 qarodin
1572 857 1664 914 caulem
1681 863 1774 912 sancta

118 955 184 1013 tutu
202 955 356 1012 sanctissimi
375 955 489 1026 episcopi
509 954 598 1010 horrare
617 955 649 1008 tle
669 953 776 1025 epistola
791 951 825 1006 acl
839 949 920 1008 Pros·
973 957 1077 1032 synoda
1092 956 1226 1027 Ephesius
1242 954 1293 1009 hae
1303 953 1389 1010 solum
1399 952 1484 1023 ipsius
1498 951 1560 1007 iulii
1574 956 1666 1006 eontra
1679 947 1775 1005 Nessi).

461 1047 575 1104 tlacinat.
973 1051 1043 1106 rium
1066 1048 1206 1105 recitatum
1227 1046 1308 1102 luserit
1329 1061 1364 1102 ex
1384 1044 1497 1115 epistola
1525 1042 1558 1100 ud
1586 1042 1773 1109 Prosdoeium,

155 1142 320 1200 Praedicator
340 1151 449 1206 ιιιῑιιιι.
465 1141 497 1197 ad
518 1139 713 1214 ptentruuiaaa
736 1139 808 1204 uret,
829 1146 856 1195 et
877 1138 919 1194 ῑιι·
975 1140 1218 1216 praeteruectus
1236 1134 1776 1210 tertiimanuscrtpascutt:rtauuttau

67 1239 70 1247 '
120 1246 247 1294 cernulus
259 1235 293 1292 tle
306 1236 409 1306 virgiac
420 1235 502 1290 histria
513 1235 560 1290 uei
572 1233 667 1301 Filius,
679 1242 705 1290 el
717 1231 881 1289 inhabitasse
894 1231 920 1288 itt
975 1246 1075 1311 praeter
1092 1237 1163 1295 hunc
1182 1237 1216 1293 nd
1234 1235 1409 1293 Prosalocium
1432 1235 1573 1306 epistulam
1592 1249 1624 1290 es
1645 1232 1724 1290 dictis
1743 1232 1774 1289 B.

121 1329 284 1398 isontium,
308 1343 361 1384 non
378 1329 403 1383 iu
425 1328 535 1384 homine
557 1336 701 1398 operatas;
726 1328 776 1382 hoc
797 1326 869 1382 euim
894 1325 922 1380 iu
974 1331 1039 1388 tuitii
1054 1331 1080 1386 in
1092 1330 1135 1386 itta
1150 1329 1254 1404 sparocio
1271 1331 1403 1401 prolatam
1418 1336 1474 1392 est,
1489 1328 1511 1384 si
1525 1343 1577 1400 qua
1595 1327 1706 1383 forsitam
1723 1327 1778 1382 aliu
1882 1361 1886 1366 -

123 1421 264 1494 Prophetis
285 1430 313 1476 et
332 1421 471 1492 apostolis.
499 1419 638 1476 Perfectus
662 1419 731 1476 Pers
755 1420 780 1473 ἱιι
803 1432 884 1474 carne
896 1425 934 1472 el·
976 1425 1094 1496 scripsit,
1105 1441 1193 1497 neque
1207 1440 1241 1482 er
1256 1425 1306 1481 huc
1320 1424 1431 1496 epistola
1453 1423 1552 1495 uliquitl
1567 1423 1693 1495 amplius.
1709 1421 1779 1479 lliac

122 1514 204 1570 lutrano
219 1513 354 1586 perlectus
367 1516 393 1568 ia
408 1513 501 1586 spiritu
516 1529 569 1568 uun
587 1513 640 1570 duro
659 1512 715 1569 lilii.
729 1511 804 1570 Uatis
817 1510 924 1584 qtridem
977 1519 1089 1591 euspicio
1100 1518 1172 1574 notate
1186 1535 1237 1574 „011
1250 1518 1329 1585 aaut,
1345 1516 1445 1573 pesam
1460 1516 1553 1573 cippum
1572 1526 1661 1572 eoppa
1683 1515 1779 1572 puppo.

122 1607 231 1680 proprie
244 1605 315 1663 lulius
329 1622 470 1664 assumens
485 1606 640 1672 homiuem,
656 1605 725 1662 alter
739 1616 827 1662 autem
851 1620 926 1660 mor·
941 1599 964 1661 B
978 1613 1046 1667 rium
1059 1621 1084 1668 et
1097 1611 1231 1684 Esatpehen
1245 1629 1298 1668 tron
1309 1611 1422 1684 ejrtstleut
1436 1627 1500 1681 esse,
1516 1612 1591 1685 cnjuts
1604 1620 1662 1665 suut
1675 1610 1734 1666 lilii
1749 1610 1782 1666 tic

125 1701 184 1757 talis
197 1709 350 1773 assumptus
369 1717 384 1756 u
401 1703 471 1768 lle0;
489 1701 535 1758 sed
551 1716 619 1757 unus
633 1701 784 1773 attigenitus
804 1700 829 1757 iu
846 1700 925 1768 ereio,
978 1705 1052 1762 sertis
1064 1714 1089 1760 et
1102 1716 1192 1760 corrtra
1206 1704 1310 1779 fraules
1328 1703 1585 1777 apollinaristarum.
1598 1701 1798 1761 tisanam·-

125 1793 278 1868 tmigeaitus
294 1793 321 1850 in
333 1794 495 1851 terrullcus.
978 1801 1059 1854 ratior
1078 1808 1144 1866 erat,
1164 1815 1242 1871 quern
1265 1809 1292 1853 at
1316 1799 1507 1864 auctoritatem,
1522 1797 1555 1853 tle
1573 1814 1624 1867 quc
1645 1797 1733 1854 nullus
1755 1797 1784 1854 in

126 1927 214 1969 uteru
232 1927 319 1968 ream
338 1927 372 1967 et
397 1925 647 1967 rureaeaurtrtaue
669 1925 743 1965 usna
759 1922 928 1965 penetratus
979 1891 1112 1964 Elimia
1125 1892 1223 1965 ⁸l²¹⁰h⁰
1236 1909 1320 1949 *ΜΨ
1332 1901 1381 1957 ²⁸⁸·
1397 1893 1433 1948 lhl'
1445 1891 1572 1963 millam
1582 1909 1638 1948 0⁸⁸²
1651 1892 1783 1960 isthmi,

235 2023 302 2064 true
315 2021 423 2063 eunucu
439 2021 581 2073 eutuzruu,
596 2021 658 2061 rste.
677 2019 736 2061 rac.
756 2003 818 2060 ott.

126 2124 193 2183 tatu
202 2123 355 2180 secretissimi
364 2123 477 2195 episcopi
486 2120 575 2177 Ponite
585 2119 694 2194 epistola
702 2119 736 2174 acl
748 2117 927 2174 Prouinciam.

164 2237 431 2294 Praedieaturautera
447 2235 480 2291 ml
493 2234 754 2292 consummationem
770 2231 831 2288 ituci
847 2241 873 2286 ct
889 2232 930 2287 iu·

128 2341 254 2390 carnatus
268 2347 300 2388 ex
313 2331 415 2402 uirgine
428 2328 509 2384 hiaria
525 2329 571 2384 Dei
589 2327 659 2384 lilius
678 2327 743 2399 :atri
760 2325 889 2383 habitarit
903 2326 929 2380 in

119 2409 296 2492 'ltarruiuiban
320 2439 374 2479 aun
397 2423 423 2478 ia
449 2422 558 2478 trainae
576 2430 720 2492 operatum
738 2419 789 2475 hoe
809 2420 881 2474 caira
896 2418 930 2474 de

129 2516 273 2590 Prophetis
288 2524 330 2572 est
350 2523 377 2572 ct
393 2515 541 2586 attestatis.
563 2512 703 2570 Perfectus
720 2512 792 2568 Deus
806 2513 832 2567 iu
850 2525 932 2568 carne

130 2623 159 2673 ct
177 2617 257 2670 homa
272 2611 406 2685 perlectus
420 2612 446 2667 iu
461 2611 557 2681 spiritu
573 2625 625 2666 nou
640 2609 693 2665 duo
709 2608 768 2677 lilii,
783 2621 851 2662 utrtrs
870 2605 932 2677 quti-

131 2708 193 2764 tlem
205 2705 336 2762 staturalis
345 2705 415 2762 itlius
425 2703 468 2776 qai
479 2703 623 2776 :rssttmpsit
632 2702 779 2768 huntiuem,
791 2700 859 2757 ulter
868 2715 933 2755 vere

132 2799 213 2856 tremo
223 2799 346 2855 martulis
356 2806 509 2868 assumptus
525 2811 539 2852 a
553 2797 623 2863 tieo;
639 2793 687 2853 sed
702 2810 770 2851 uum
782 2793 934 2865 urrigeuitus

133 2893 159 2949 ia
173 2892 253 2959 emis),
268 2891 421 2964 unigenitus
434 2891 460 2946 iu
473 2901 543 2948 term
556 2889 636 2946 [teus.

980 1986 1091 2042 stramine
1101 2003 1159 2040 cunr
1176 1985 1241 2040 lihro
1254 1986 1286 2040 cic
1304 1985 1390 2053 sectis,
1402 1993 1452 2041 oct.
1464 1983 1493 2052 8,
1506 1984 1574 2041 tatu
1586 1985 1688 2040 naariae
1701 1985 1784 2040 soleat

979 2080 1007 2134 ia
1019 2079 1068 2134 hoc
1078 2078 1188 2134 concilio
1200 2079 1304 2134 citatam
1316 2094 1371 2133 esse
1383 2077 1644 2150 ntentoretepistolum
1655 2080 1689 2133 utl
1700 2076 1784 2133 Pros-

981 2172 1094 2227 rlocium.
1108 2169 1182 2227 lrlcm
1191 2188 1291 2244 rpaoqne
1301 2171 1428 2227 oculatior
1439 2179 1527 2227 enatet
1536 2171 1696 2227 mutaremus
1705 2170 1785 2245 Apol-

981 2263 1156 2319 linaristaram
1169 2265 1271 2336 scriptis
1281 2263 1416 2333 assuetior,
1425 2280 1501 2336 priam
1517 2273 1544 2318 ut
1559 2265 1728 2320 testimonium
1741 2264 1785 2320 in-

981 2359 1041 2430 [esti
1070 2359 1181 2414 ulnarum
1206 2357 1304 2414 Christi
1328 2368 1480 2414 naturarum
1506 2359 1606 2425 hostis,
1630 2359 1675 2431 qui
1701 2358 1787 2415 carreis

986 2449 1069 2506 Verho
1090 2452 1168 2507 unite
1187 2449 1476 2509 eonsuhstaaticlitatem
1491 2457 1551 2507 cum
1564 2450 1620 2507 lieo
1633 2451 1696 2508 uara
1709 2468 1788 2524 opere

983 2556 1138 2617 preopapaut‚
1161 2563 1207 2616 pro
1228 2545 1374 2602 intlulritatc
1392 2547 1529 2603 orthodoxi
1542 2562 1618 2619 pape
1635 2547 1788 2603 ctrctoritttte

984 2648 1099 2713 paueret,
1112 2642 1176 2696 eleo
1188 2649 1217 2695 ut
1226 2640 1294 2698 illutl
1306 2659 1365 2698 curn
1378 2642 1438 2698 aliis
1450 2642 1619 2715 prolaturus,
1632 2642 1681 2698 hec
1693 2644 1789 2716 prtelo·

984 2734 1090 2806 quirion
1102 2734 1228 2789 laslitcret
1242 2751 1249 2790 ε
1263 2733 1322 2790 Νοιι
1338 2733 1514 2806 produximus
1528 2736 1714 2792 atteteritatem
1730 2750 1792 2792 nru-

985 2827 1157 2899 higummuut
1169 2843 1228 2898 arun
1240 2827 1384 2902 dupliciter
1392 2828 1475 2897 accipi
1489 2828 1582 2900 possit,
1594 2843 1644 2885 nec
1658 2829 1789 2900 ignauitcs

985 2918 1081 2975 Patres
1104 2927 1186 2976 testes
1208 2919 1376 2985 citsriraus,·
1399 2919 1446 2976 secl
1470 2921 1560 2993 potius
1583 2919 1748 2978 clarissimos
1762 2928 1791 2978 et

159 3024 249 3082 mi!
263 3024 349 3064 i'ssflltt
364 3023 398 3063 ΒΧ
414 3019 545 3074 ῐᾸΰΰΝῡῐ),
562 3020 613 3060 fflt·
628 3019 648 3072 ¹,
664 3019 723 3060 Ctl’·
740 3003 767 3072 5,
781 3019 842 3062 ¹²¹¹⁰·
858 3001 904 3062 ⁴0·
947 3004 970 3070 C
986 3017 1032 3090 qui
1048 3016 1383 3091 lrreruatspteadialissimu
1396 3017 1471 3074 orbis
1486 3017 1586 3074 tuisruina
1601 3017 1635 3074 acl
1646 3017 1790 3074 dicendum

133 3120 201 3180 latii
214 3122 366 3180 sanctissimi
381 3122 494 3195 episcopi
510 3120 621 3176 llomaui
635 3135 667 3175 ec
679 3119 787 3192 epistola
803 3119 837 3175 ad
853 3117 934 3176 Pros-

326 3267 327 3271 ,
478 3213 590 3270 decium.

172 3309 337 3368 Prretlicutm·
356 3325 420 3366 rero
440 3307 473 3364 acl
489 3308 705 3378 supplementum
722 3305 783 3363 hlei
802 3315 830 3363 et
846 3306 935 3363 iucar-

137 3411 217 3462 ustus
231 3419 265 3461 en
282 3403 365 3460 staua
378 3402 480 3474 uirgine
497 3400 580 3468 itlius,
598 3411 626 3457 et
639 3399 763 3456 habitans
780 3399 806 3456 iu
822 3399 938 3458 homiui·

136 3503 199 3574 tias,
221 3518 274 3558 naa
288 3501 314 3557 ia
329 3501 438 3557 homine
451 3506 599 3571 opacatum
616 3496 668 3554 hoc
687 3496 759 3552 euim
774 3497 799 3552 iu
816 3495 939 3568 Prophe·

138 3597 173 3652 lis
192 3595 278 3653 luserat
297 3604 325 3652 et
344 3594 489 3666 Apostolis.
511 3591 649 3648 Perfectus
670 3590 739 3646 Deus
761 3591 787 3645 ia
812 3599 940 3646 cernent

138 3691 223 3748 lramo
236 3688 371 3761 periectas
384 3686 517 3756 inspicite
532 3699 584 3741 narr
601 3684 655 3742 duro
670 3682 730 3748 sulii,
746 3699 815 3740 uritis
831 3683 939 3755 quidem

139 3783 266 3856 proprius
279 3783 348 3837 titius
361 3793 503 3837 assumens
516 3778 667 3844 houtiuem,
680 3776 749 3832 aiter
761 3789 826 3832 vero
840 3783 939 3830 morta-

141 3879 175 3936 lis
187 3885 327 3950 susceptus
339 3892 354 3932 a
367 3877 436 3942 item
449 3872 495 3931 sed
510 3887 577 3930 unus
589 3872 741 3944 arrigenitus
750 3870 777 3926 iu
788 3867 868 3938 ereio,
880 3865 941 3923 attri-

139 3973 248 4046 geuitus
261 3971 334 4027 hears
348 3969 375 4026 in
392 3979 474 4026 terra.

244 4060 404 4120 euusutta
425 4057 628 4117 thGilliNTl
648 4055 851 4127 sucurritis.

179 4159 201 4215 Ι.
224 4155 279 4212 lloc
292 4160 464 4230 [caperratum
478 4154 550 4209 nohis
561 4151 699 4208 asseruerit
715 4147 878 4220 llplrrmulus
891 4151 944 4206 tas-

142 4251 275 4307 tiochenus
288 4247 358 4320 epurl
371 4245 503 4314 Photium,
520 4245 578 4301 cati.
591 4242 656 4311 utu,
674 4242 718 4300 uhi
730 4242 827 4299 alsone
839 4260 944 4316 prorsus

989 3111 1172 3168 testimonium
1196 3111 1361 3178 cocat-imus,
1383 3111 1614 3183 produsirnusapse
1637 3111 1791 3168 testimonis

987 3204 1207 3262 manifestissima
1231 3214 1259 3261 et
1283 3204 1393 3262 nriuime
1413 3203 1503 3260 dubia.
1524 3203 1579 3262 sec
1598 3203 1630 3261 de
1648 3205 1794 3260 sinceritate

989 3298 1132 3370 titulique
1147 3297 1210 3354 liher
1224 3308 1312 3355 contra
1328 3296 1476 3354 Nestorium
1493 3306 1517 3353 et
1537 3296 1670 3370 Eutychen
1684 3296 1794 3354 montio

990 3393 1153 3460 adscribitur,
1166 3397 1232 3450 lrarrc
1242 3393 1375 3450 clulitcatli
1382 3410 1486 3450 causam
1497 3395 1661 3466 proposuisse
1669 3395 1793 3464 contacti,

990 3503 1046 3542 ecta
1069 3487 1130 3542 aliis
1152 3484 1261 3555 penitius
1283 3485 1462 3542 esctuienclam
1480 3486 1661 3556 permittimus.
1683 3484 1795 3543 iuterim

990 3595 1057 3651 opus
1071 3579 1147 3647 ittae,
1163 3595 1195 3635 cc
1223 3595 1273 3652 pue
1290 3579 1433 3636 subnexum
1454 3583 1627 3654 paparanum
1647 3579 1797 3654 decerptum

992 3684 1040 3742 est,
1054 3674 1094 3730 uel
1107 3691 1139 3730 cc
1153 3674 1228 3730 titulo
1238 3676 1262 3729 ei
1272 3674 1353 3730 indita
1365 3677 1438 3732 nolis
1452 3684 1550 3732 cctutat
1560 3677 1638 3751 fuisse
1653 3676 1736 3747 putidi
1747 3677 1798 3733 ali·

992 3767 1068 3840 cujus
1087 3765 1247 3839 apolinaris
1270 3767 1392 3836 discipuli
1411 3767 1509 3842 (quales
1523 3778 1595 3824 erasit
1616 3767 1748 3826 Polemios
1772 3777 1798 3825 el

994 3857 1166 3930 Placentinus),
1177 3859 1222 3930 cuti
1234 3875 1337 3916 emerem
1345 3858 1441 3916 Christi
1454 3861 1663 3932 parturitionem
1675 3859 1731 3918 Deo
1741 3877 1800 3918 con·

993 3954 1187 4010 sutnaauatua
1204 3971 1258 4011 esse
1271 3956 1459 4026 coutendehct;
1479 3975 1554 4030 quem
1568 3975 1681 4014 errorem
1704 3958 1800 4016 Valen-

995 4050 1068 4106 tinus
1077 4050 1172 4122 aliique
1187 4052 1263 4106 etiarn
1277 4050 1438 4122 spatiante
1460 4051 1557 4107 addicti
1577 4050 1682 4108 asseche
1692 4052 1801 4108 detesta-

994 4144 1098 4200 luatar.
1115 4145 1280 4218 llphrtemitts
1298 4146 1402 4219 puitlem
1422 4148 1596 4205 Antiochenus
1618 4150 1708 4206 cultor
1729 4154 1802 4222 frap-

997 4251 1082 4296 ntento
1095 4241 1261 4314 perspicuum
1278 4258 1333 4298 csse
1351 4252 1434 4312 putat,
1445 4245 1581 4315 quomodo
1591 4243 1620 4302 S.
1633 4243 1719 4302 tatius
1734 4244 1803 4302 dutus

142 4345 252 4401 hahetur
262 4348 316 4419 ejus
330 4342 505 4414 interpretatio
517 4339 609 4395 latine.
622 4337 698 4394 litem
706 4339 734 4393 in
747 4338 849 4412 culpato
862 4337 946 4394 heca·
998 4331 1806 4406 aatrrrasfateatur:inrleauecompertumheleridelerccensel

143 4437 176 4492 tii
188 4435 252 4492 lihro
263 4435 345 4507 primo
357 4441 446 4489 coium
461 4431 610 4488 Nestorium
621 4429 653 4484 'et
675 4425 810 4503 Eutychen
831 4431 867 4484 ita
889 4431 945 4486 lau-
959 4415 987 4476 Ῑ)
999 4429 1115 4483 currulem
1126 4443 1219 4499 popam
1228 4426 1256 4482 in
1265 4428 1391 4500 superiori
1400 4429 1508 4501 epistole
1516 4429 1552 4485 ml
1561 4427 1804 4503 Dionysitmtuuam

145 4531 224 4584 datm
239 4544 249 4582 .·
263 4527 291 4585 S.
305 4525 367 4583 lulii
382 4526 503 4597 episcopi
518 4523 646 4582 humani.
669 4523 744 4580 Haste
756 4523 946 4580 atteteritutem
1001 4533 1124 4580 naturam
1139 4538 1188 4594 pro
1202 4523 1340 4596 hypostasi
1355 4527 1503 4596 accepisse.
1519 4529 1549 4583 alt
1562 4526 1704 4599 utrobique,
1716 4539 1805 4585 nostre

145 4621 264 4695 Cprillus
276 4619 401 4690 prudtmit
415 4620 441 4675 iu
456 4617 559 4692 syuodo
574 4616 719 4688 Ephesiae.
749 4615 882 4690 Nusquam
906 4626 947 4672 tc·
997 4617 1110 4691 judicio,
1121 4616 1211 4672 eacan
1220 4616 1325 4673 heresis
1333 4633 1361 4674 se
1371 4619 1465 4689 prodit,
1477 4635 1534 4691 pne
1543 4629 1568 4676 et
1577 4637 1655 4676 unum
1666 4622 1694 4678 in
1704 4621 1806 4679 Christo

147 4733 206 4772 aneu
223 4717 251 4770 iu
267 4723 321 4770 tato
335 4711 464 4788 Ephesiae
480 4711 588 4767 concilio
607 4720 748 4780 roatperet.
774 4710 864 4784 Neque
879 4710 947 4767 iliud
1002 4718 1123 4765 staturam
1135 4719 1192 4783 post
1207 4709 1348 4765 unitionem
1360 4712 1572 4780 comminiscitur,
1590 4721 1615 4769 et
1626 4729 1669 4770 eos
1680 4714 1807 4772 turcudncii

148 4810 185 4866 ihi
201 4806 340 4866 ticianum
350 4805 413 4863 uidit
426 4822 436 4862 .·
449 4821 509 4862 netu
521 4804 582 4861 licet
594 4803 728 4878 Acephcli,
750 4803 856 4860 Leontio
877 4804 946 4874 ipso,
1001 4803 1097 4876 aspecit,
1112 4804 1158 4875 qui
1171 4805 1236 4861 dues
1245 4804 1363 4860 credunt.

696 4919 908 4978 FRAGMENTA
930 4918 1154 4978 schlttotttttt
1173 4921 1259 4979 tutu

168 5045 197 5104 S.
212 5043 284 5102 lusu
298 5056 415 5102 ertseort
431 5040 536 5097 hostat
551 5053 576 5094 m
591 5037 717 5096 Seuuore
731 5051 765 5093 ue
779 5034 930 5092 Houousro.
1037 5027 1130 5093 lusisse
1143 5040 1272 5094 tsssuissa
1286 5037 1375 5112 Pupp
1387 5049 1454 5117 usp
1466 5051 1526 5118 tepp
1536 5070 1573 5120 ,ῳ
1587 5056 1641 5121 ,pp
1655 5053 1789 5120 amm,

189 5158 267 5218 Uride
282 5173 393 5215 neeesse
406 5164 448 5214 est
461 5165 488 5212 et
500 5168 660 5226 corporeum
670 5151 704 5210 tle
718 5161 774 5209 toto
787 5160 814 5208 ct
829 5149 951 5208 uiviaam
1045 5140 1104 5208 decu
1117 5158 1143 5220 ιε
1152 5158 1256 5224 ἀνάγκης
1269 5159 1311 5212 unt
1327 5162 1357 5212 st
1369 5169 1506 5229 σωματικὸν
1515 5159 1573 5214 set'
1584 5162 1652 5227 uisu.
1663 5164 1706 5218 ssi
1719 5172 1747 5220 st
1760 5165 1811 5217 lsr-

152 5251 188 5311 de
201 5261 257 5309 toto
271 5251 332 5308 tliei.
359 5250 392 5306 Et
412 5248 455 5320 quai
470 5263 523 5304 uon
538 5253 624 5319 potest
635 5245 661 5300 ia
676 5243 756 5301 tmitis
769 5243 956 5301 diliereutihus
1008 5253 1050 5300 sea
1060 5246 1116 5299 αι’
1126 5253 1181 5303 ltso
1196 5254 1313 5316 tuentes
1331 5252 1373 5304 sai
1386 5251 1444 5321 ips
1458 5256 1676 5322 eorumgenere
1686 5263 1813 5326 proptiae

152 5359 318 5419 cognhsoele
332 5343 395 5416 quid
407 5341 545 5415 proprium
559 5339 698 5410 ulliusque
711 5338 763 5404 Sil,
786 5338 813 5394 iu
838 5337 956 5395 absonus
1009 5343 1235 5414 Cteplpcresiilust
1250 5348 1812 5422 elsilitorius-ipsust}husthpucrac’tsup-

155 5487 217 5544 unas
232 5486 371 5541 increatam
386 5482 559 5552 celesterupue
573 5479 667 5536 Christi
681 5496 800 5544 curtteut,
814 5479 955 5552 aliquunde

155 5559 244 5616 tleitati
258 5558 331 5613 ciunt
346 5573 399 5611 esse
412 5552 661 5620 consubstantialem,
676 5567 707 5608 ae
721 5553 804 5607 rttulta
816 5553 866 5606 alia
877 5567 952 5608 eoru·

156 5631 335 5688 miniseuutur
346 5627 477 5693 absurda,
489 5640 604 5698 quorum
618 5623 719 5694 pudure
734 5626 895 5680 senteutiam
913 5623 957 5680 rel

156 5709 273 5765 mature.
291 5700 332 5756 rel
353 5699 462 5756 rocihas
476 5699 566 5767 speeie
584 5696 725 5752 catholicis
737 5697 867 5761 obterere
883 5711 956 5766 sape

157 5774 244 5831 eoacti
258 5782 330 5831 sum.
349 5769 505 5826 Cutlralicus
522 5781 611 5824 nartem
633 5781 774 5838 per-sanum
793 5765 893 5824 Christi
910 5784 957 5822 aa·

159 5856 301 5918 tusamque
315 5843 492 5916 distinguens,
511 5841 574 5898 utrm
591 5853 643 5897 aou
662 5839 744 5897 alium
764 5838 849 5896 lilium
870 5838 958 5898 horni-

1010 5481 1064 5548 ais,
1077 5481 1159 5537 alium
1172 5481 1271 5540 Piliam
1288 5485 1352 5554 hei,
1379 5487 1420 5546 sic
1443 5489 1547 5559 areclis,
1569 5501 1599 5548 ut
1620 5492 1699 5548 aliam
1720 5493 1813 5563 veriti,

1010 5553 1090 5609 uliam
1105 5555 1195 5611 caretis
1216 5558 1315 5613 sentiat
1335 5569 1473 5630 staturum,
1499 5573 1573 5619 reete
1592 5564 1709 5620 altinum
1731 5566 1815 5622 tilium

1011 5626 1148 5695 hominis,
1169 5627 1251 5684 etium
1270 5644 1332 5686 euru
1351 5633 1377 5686 ia
1395 5645 1466 5690 terra
1483 5643 1541 5700 est,
1555 5649 1617 5692 esse
1633 5636 1659 5691 iu
1675 5636 1762 5704 ereio,
1783 5652 1817 5695 ae

1010 5708 1091 5772 negat
1110 5711 1233 5756 nutrirem
1252 5702 1343 5758 earnis
1356 5712 1405 5761 unt
1417 5704 1577 5774 celestem,
1593 5718 1640 5763 aut
1653 5708 1815 5778 increatam,

1011 5780 1058 5826 aut
1080 5771 1152 5828 Patri
1176 5773 1454 5842 eotrsuhstantialem,
1477 5778 1545 5834 sieut
1560 5787 1587 5836 et
1601 5790 1680 5853 turpat
1694 5791 1819 5843 rtataraat

1015 5842 1227 5919 scrutaturus,
1242 5845 1338 5906 dolore
1348 5863 1380 5907 ue
1395 5858 1486 5909 nrortc
1504 5849 1642 5910 siiectnu.
