3975 6292
259 200 330 263 lddd
873 196 971 263 babil
991 195 1167 265 uctoutut
1185 200 1267 264 ullu
1814 209 1865 274 tpgg

260 338 274 378 a
302 322 358 377 beo
383 314 511 393 gignibile
527 333 534 373 ε
550 330 605 375 non
623 314 705 389 igitur
717 312 797 373 iesus
810 314 857 373 bei
879 317 1054 391 generatione
1068 318 1233 385 Aonnibua
1246 318 1373 379 divinior.
1386 317 1453 389 Quia
1467 328 1557 378 tutem
1569 319 1667 379 modus
1678 319 1866 397 damnatur.

257 416 363 473 lilius.»
391 414 466 473 liutto
479 411 588 487 qtridem
614 410 709 467 ordine
734 410 867 467 deduxisti
884 410 950 469 :sed
976 427 1057 484 quem
1108 418 1166 477 sire
1190 414 1308 473 tilietatis
1321 414 1396 489 ejus,
1412 415 1471 473 uite
1487 416 1564 489 jutta
1576 416 1746 490 significatos,
1758 419 1806 479 on
1816 422 1866 479 alins

256 508 479 569 circumduxisti?
504 507 583 565 Forte
616 507 680 563 nte?
702 504 751 565 sed
778 505 863 579 magis
890 516 927 563 te.
962 506 1058 564 Dixisti
1109 508 1376 571 modoszeondteor
1397 524 1449 583 ego
1471 509 1635 583 uao‚eajaa
1653 510 1703 572 boo
1713 515 1868 584 mundate·

258 602 345 671 enim.
360 602 432 676 quod
451 600 514 659 lecit
533 598 612 659 iesus
628 598 723 657 Deum.
736 597 805 669 Quid
821 598 938 657 deinde?
956 598 1058 659 Facere
1109 612 1165 662 turn
1179 610 1230 660 eat.

258 705 452 755 nonnemotns
472 692 533 751 esti
550 688 633 749 nihilo
655 692 745 749 minuas
760 706 840 780 quam
856 706 946 765 agere.
971 694 1060 765 Agere
1145 693 1243 753 lleil.
1265 695 1371 756 biotam
1388 704 1432 760 ou
1452 711 1469 758 t
1488 697 1568 758 nobis
1586 698 1869 772 monumnenta,
1951 705 1952 746 3

259 792 350 861 enirn,
369 790 458 847 lucere
471 799 513 847 est
528 808 535 844 ι
551 789 618 844 sient
639 795 666 842 et
686 787 792 855 breare,
813 801 904 861 agere.
920 787 1059 845 Ambobus
1110 786 1138 846 in
1152 789 1212 845 aliis
1225 788 1312 855 libris.
1330 804 1413 862 aquo
1434 789 1471 849 sit
1485 792 1639 864 progressio
1651 801 1678 851 et
1691 792 1828 863 duranum
1838 812 1870 853 ra·
1951 821 1952 826 ι

259 901 324 960 ergo
337 886 364 941 in
384 892 456 941 motu
471 880 665 947 existentibus.
693 895 805 937 necesse
825 888 867 935 est
882 880 958 955 sequi
972 889 1059 939 muta·
1108 880 1267 956 gressiouue
1285 882 1410 953 promissi
1426 884 1512 941 saneti
1522 885 1641 957 Spiritus
1653 887 1777 947 oeetanu
1788 898 1823 947 ott
1834 906 1840 947 ε
1851 896 1873 947 ιι

260 981 360 1039 tionem
378 998 385 1035 ι
401 994 480 1053 quam
501 979 529 1035 in
548 977 604 1033 lleo
624 977 804 1044 constituere,
829 976 899 1033 sieut
914 984 956 1033 est
969 973 1060 1033 decla·
1110 973 1145 1031 de
1160 974 1260 1049 tripiici
1275 975 1378 1033 unitate
1389 984 1418 1031 et
1432 977 1505 1035 unali
1527 978 1657 1041 trinitate.
1672 978 1727 1039 liae
1743 980 1827 1039 andero
1837 996 1872 1039 aa

260 1080 365 1141 rantum,
382 1072 559 1145 incongruum
573 1079 625 1127 est.
646 1068 833 1127 Confitendum
854 1069 935 1143 igitur
954 1076 1002 1125 aut
1020 1066 1060 1125 la·
1109 1067 1189 1126 diana
1207 1067 1304 1141 dogma
1319 1077 1438 1127 restrum
1452 1070 1487 1127 de
1501 1070 1602 1143 Spiritu
1624 1082 1726 1140 numo,
1738 1073 1873 1146 blupbemir

259 1180 321 1223 eene
335 1181 388 1221 non
409 1180 469 1222 esse
484 1173 604 1231 motum,
623 1173 736 1219 autnon
752 1177 861 1221 omnem
881 1172 983 1222 motum
998 1176 1060 1221 esso
1110 1162 1219 1235 plenum
1237 1181 1274 1221 :a
1297 1162 1375 1234 Quod
1399 1164 1451 1223 isle
1474 1164 1592 1239 Spiritus
1616 1167 1643 1223 in
1667 1168 1872 1227 taneddouioueu

260 1262 445 1319 mutationem.
469 1258 523 1317 Sed
545 1258 618 1315 enim
641 1260 746 1325 iacere,
761 1265 850 1312 nantus
869 1266 910 1313 est
926 1276 932 1311 :
947 1265 974 1313 et
989 1255 1061 1313 Deus
1110 1268 1168 1327 ost,
1186 1266 1214 1315 et
1232 1256 1278 1331 gui
1298 1258 1485 1317 tantummodo
1508 1259 1660 1317 sanetilieet
1681 1269 1711 1319 ει
1730 1260 1813 1319 dorsu
1831 1281 1836 1317 :
1854 1269 1875 1319 et

257 1356 334 1430 juxta
349 1363 452 1413 motum
468 1353 548 1420 iecit;
561 1354 603 1409 eui
619 1352 694 1411 nullo
708 1351 789 1409 tnudu
804 1351 902 1411 mutari
917 1351 1060 1423 contingit,
1110 1352 1183 1425 quod
1203 1353 1261 1425 ipse
1287 1353 1374 1413 tanin
1397 1352 1449 1420 ait,
1462 1354 1532 1415 sieut
1552 1354 1641 1413 omnis
1665 1364 1810 1417 εεεοιεεε.»
1825 1354 1875 1413 Con

258 1460 287 1507 et
301 1450 478 1507 omniuunon
493 1446 618 1521 congruit
632 1445 834 1521 qinomndolibot
847 1445 973 1503 accidens
988 1447 1059 1503 reei-
1111 1454 1202 1505 umen
1227 1448 1287 1521 ipso
1309 1446 1427 1519 Spiritus
1449 1447 1555 1507 diderat
1579 1450 1688 1522 propria
1709 1452 1877 1511 ametimos

259 1562 334 1621 paro.
355 1543 526 1617 Relinquitur
548 1556 629 1615 ergo.
649 1556 703 1597 non
724 1556 831 1599 omnem
847 1550 950 1599 motum
973 1548 1063 1599 muta·
1111 1540 1183 1609 lilio,
1202 1541 1247 1601 eui
1269 1550 1360 1599 umen
1384 1556 1494 1614 semper
1509 1550 1702 1614 pronomem:
1717 1544 1782 1601 utut
1800 1543 1877 1613 etipsa

260 1640 360 1697 tionem
379 1652 450 1695 esse.
467 1635 495 1695 st
510 1650 564 1693 non
577 1634 666 1691 omnis
686 1642 776 1692 motus
790 1634 903 1691 murtatio
917 1639 976 1702 est,
996 1631 1061 1705 quid
1111 1634 1182 1693 buius
1195 1637 1304 1695 aetiana
1325 1634 1416 1697 dillart
1428 1650 1446 1693 a
1460 1644 1535 1707 patre
1547 1651 1608 1703 suo.
1623 1637 1668 1710 qui
1682 1646 1766 1697 orror
1778 1638 1809 1695 rit
1821 1646 1878 1709 pater

258 1734 343 1807 magis
355 1730 509 1804 eligendum
528 1729 600 1787 eirea
616 1729 728 1788 desumi
743 1728 891 1786 secumdum
905 1728 1060 1803 generatio-
1073 1720 1099 1787 B
1108 1728 1183 1802 juxta
1199 1728 1226 1787 id
1242 1728 1315 1802 quod
1338 1736 1382 1787 est
1398 1743 1470 1787 osse.
1490 1728 1588 1801 Sionuo
1605 1730 1718 1789 istorum
1731 1732 1803 1789 trion
1814 1744 1877 1785 unua

258 1844 320 1887 nem
335 1827 410 1886 illum
423 1842 499 1899 esse,
521 1834 568 1883 aut
591 1824 739 1885 seeundum
765 1822 958 1886 ellectionem?
977 1824 1059 1883 luxua
1110 1830 1138 1879 et
1163 1821 1235 1880 idem
1259 1822 1448 1887 existentium,
1470 1838 1522 1879 una
1543 1821 1674 1880 divinitat
1692 1832 1721 1881 et
1737 1837 1786 1883 nan
1807 1822 1878 1881 nulti-

258 1918 379 1977 diuinam
415 1918 637 1991 intelligentiam,
665 1916 812 1976 secumdum
844 1917 1058 1989 generationem.
1111 1914 1387 1989 ildamajoatao3sod
1405 1914 1588 1977 meroen
1607 1913 1879 1989 μότεέθςιιιιειιήι

259 2012 317 2069 Etsi
335 2010 407 2069 enim
423 2010 492 2069 Detts
507 2010 587 2069 simul
601 2026 633 2067 ae
646 2010 729 2082 dieit,
751 2008 814 2069 lacit
828 2025 887 2083 quae
899 2008 963 2069 lacit
979 2028 986 2068 ι
1003 2010 1061 2071 Sed
1110 2022 1209 2076 unum,
1225 2018 1254 2067 et
1269 2024 1353 2067 uotam
1376 2008 1428 2067 tria
1439 2025 1447 2068 t
1457 2018 1487 2067 ει
1507 2018 1550 2069 ter
1563 2011 1670 2081 posita.
1685 2024 1763 2070 neure
1782 2008 1880 2080 itanou
1953 2001 1954 2084 i

259 2102 366 2175 dicere.
392 2113 480 2161 moun
502 2114 559 2172 est.
580 2104 771 2175 praeexistente
794 2103 924 2163 silentio:
947 2105 1062 2163 mutatio
1112 2112 1193 2178 atque
1208 2102 1307 2161 solum.
1322 2101 1377 2161 Sed
1388 2102 1423 2161 de
1438 2102 1472 2161 iio
1486 2103 1573 2166 tribus
1586 2103 1639 2161 alia
1653 2103 1732 2166 nobis
1742 2105 1827 2166 ortum

259 2211 301 2259 ost
315 2202 405 2273 igitur.
425 2199 513 2257 silenti
528 2198 628 2259 dicere.
647 2198 675 2257 Si
695 2208 786 2255 autem
802 2212 850 2271 per
864 2197 982 2258 Verbum
999 2198 1062 2261 lecit
1148 2196 1259 2259 xxxii.
1279 2198 1362 2258 Salva
1373 2213 1445 2260 nuno
1457 2213 1517 2269 noa.
1528 2199 1747 2271 prter‚oonoedu
1757 2198 1882 2268 nobispu·

258 2296 346 2365 Deus,
360 2304 423 2351 ante
444 2294 496 2352 suit
516 2293 635 2352 Verbum
665 2308 745 2365 quam
771 2290 871 2352 lucere.
887 2292 915 2353 Si
931 2304 994 2352 ante
1012 2293 1063 2354 tuit
1112 2301 1173 2351 eata
1185 2303 1288 2348 nostra.
1307 2291 1340 2348 Et
1351 2292 1403 2349 boe
1416 2292 1525 2365 qutidom
1540 2291 1577 2350 do
1597 2292 1767 2363 bonoim
1780 2290 1880 2363 quiunt.

260 2390 377 2451 Verbum
390 2406 471 2465 uttam
489 2388 595 2457 lacere,
607 2389 685 2461 juxta
705 2388 909 2462 generationem
925 2397 987 2447 ante
1002 2387 1060 2445 luit.
1113 2394 1253 2457 peccaturo
1269 2393 1328 2448 est:
1342 2393 1371 2443 ει
1384 2384 1521 2459 quomodo
1533 2383 1570 2449 ait
1580 2385 1689 2452 dieero,
1703 2390 1881 2457 umanum:

262 2484 382 2545 uenerat
405 2482 572 2549 enimiaoif
588 2478 719 2540 Verbum.
733 2480 877 2539 Generatin
888 2481 969 2554 igitur
981 2480 1061 2549 lesu.
1113 2486 1141 2537 ει
1173 2493 1226 2537 raon
1258 2493 1312 2537 una
1334 2493 1402 2537 roeo
1420 2478 1564 2545 uenerari,
1590 2488 1721 2551 guantum
1741 2476 1795 2541 lari
1816 2481 1883 2546 poteo

258 2580 304 2652 quui
332 2580 406 2653 λόγος
430 2588 483 2635 est.
509 2578 594 2648 Quem
627 2576 719 2635 lesum
744 2576 820 2651 gnari
851 2592 942 2635 rerum
968 2576 1063 2637 dicunt
1114 2572 1281 2641 sobria‚sed
1294 2575 1437 2633 enuntiare
1446 2573 1526 2633 nelle.
1540 2571 1596 2631 Sed
1613 2571 1884 2646 aaroatantetuuu-
1954 2641 1955 2654 γ

258 2674 408 2735 meandum
427 2682 483 2731 tres
500 2672 597 2731 moetos
612 2670 697 2727 dlinm
718 2686 795 2738 ease,
807 2669 938 2741 veritate,
949 2677 1062 2743 nature,
1114 2668 1167 2735 bis,
1184 2667 1296 2727 llonrine
1310 2675 1501 2741 saootepater,
1517 2666 1647 2738 Spiritum
1662 2664 1763 2738 (ider.
1785 2680 1832 2730 ru,
1845 2660 1882 2733 lli

259 2770 402 2842 positione.
417 2767 570 2827 &cundum
585 2766 724 2823 ueritatem
747 2778 808 2821 esse
823 2763 925 2837 illium,
939 2764 990 2821 boe
1003 2764 1064 2837 ipro
1113 2762 1281 2822 dividentem
1303 2760 1382 2821 nobis
1405 2768 1486 2834 prout
1497 2760 1571 2826 nult,
1585 2759 1635 2822 deu
1649 2761 1730 2822 nobit
1751 2768 1778 2819 ot
1794 2769 1884 2829 ugnu-

259 2866 330 2941 quod
350 2863 500 2923 substantia
520 2870 561 2919 est
576 2878 583 2917 t
598 2870 625 2917 et
654 2861 741 2933 ipsum
766 2857 867 2916 ideireo
891 2865 919 2916 et
939 2857 1065 2917 simulet
1114 2856 1242 2915 centiam.
1264 2853 1357 2914 Fidem
1380 2854 1454 2915 enim
1477 2848 1884 2921 babemua,etdieimus:onul

258 2958 380 3031 eiusdem
399 2954 557 3013 substantie
569 2968 641 3023 esse,
655 2950 790 3026 utromodo
810 2959 838 3009 et
848 2958 923 3027 pater
942 2960 969 3009 ει
989 2952 1064 3029 λόγος
1115 2966 1212 3023 genem
1228 2959 1318 3011 tamon
1331 2949 1365 3010 de
1383 2948 1617 3023 tamentationem
1631 2946 1884 3011 nummatum

257 3062 285 3111 ει
298 3052 369 3111 lilim
382 3060 410 3109 ει
428 3050 509 3107 [teus.
526 3046 625 3105 Natura
640 3057 730 3105 auton
751 3045 823 3105 ottus
844 3044 870 3101 iu
885 3045 996 3104 animati
1012 3061 1062 3117 ga·
1117 3054 1142 3103 te
1153 3057 1256 3119 patratu
1268 3046 1362 3109 bonan.
1376 3054 1405 3109 ει
1418 3043 1502 3106 uttan
1512 3042 1756 3105 leoncianus-
1769 3040 1883 3101 bonirut

258 3147 409 3205 uenatione.
431 3142 569 3201 insitione
588 3154 654 3197 uero
675 3140 701 3197 in
722 3138 876 3207 adoptione.
896 3136 964 3195 Sunt
976 3146 1005 3197 et
1017 3125 1100 3197 attic
1116 3151 1255 3209 nostrum,
1277 3148 1306 3203 et
1326 3138 1457 3211 Spiritum
1476 3140 1504 3201 ln
1519 3139 1594 3199 otoni
1608 3138 1695 3199 rerba
1706 3154 1808 3211 temper
1818 3131 1884 3193 anri·

259 3234 546 3303 modi:utmorlbus,
567 3240 657 3300 atate,
681 3230 845 3301 disciplina:
867 3240 896 3290 ut
914 3229 1062 3303 Apostolus
1116 3245 1220 3303 lentes,
1245 3234 1290 3306 qui
1324 3248 1387 3294 oum
1412 3242 1501 3297 totum
1534 3242 1562 3292 et
1584 3232 1643 3295 llio
1677 3232 1772 3297 sudu
1794 3226 1884 3289 tilis·

142 3368 145 3377 ,
260 3332 360 3391 Paulus
379 3330 445 3387 dieii
458 3327 494 3403 (l.
511 3326 571 3385 Cor.
594 3342 632 3395 tv,
649 3322 699 3399 to)
716 3343 722 3379 :
738 3324 794 3397 Ego
808 3340 851 3382 oon
866 3325 951 3400 genui.
966 3322 1061 3388 uodur
1115 3328 1367 3390 numennumen.

259 3424 340 3505 igittu
360 3421 508 3483 secundum
528 3418 670 3481 ueritatem
691 3426 719 3475 ει
736 3416 816 3509 altior
839 3416 936 3479 modus
955 3426 1016 3492 est,
1033 3426 1062 3476 et

932 3532 1113 3595 vtuloulttt
1132 3529 1246 3593 ΝΟΜ.

295 3636 437 3707 sunnon
461 3634 521 3689 aira.
547 3630 587 3691 ita
606 3645 666 3689 oum
682 3630 782 3689 llabill.
805 3628 930 3703 legimus.
956 3628 1058 3687 Ortho-
1114 3638 1150 3685 eat
1175 3636 1248 3698 pror
1271 3623 1396 3708 elutius.
1420 3622 1455 3679 lit
1470 3638 1541 3708 'onor
1559 3624 1713 3679 aaran
1735 3616 1882 3695 manual.

258 3711 322 3768 dox.
338 3707 393 3765 Sed
407 3704 469 3779 quid
487 3702 704 3763 circumduxisti?
717 3706 783 3779 sorio
798 3712 839 3775 lt,
855 3704 900 3763 tad
922 3702 1004 3777 anagia
1018 3700 1059 3757 iu·
1150 3694 1544 3781 Sanctisnoutronemliabtllou.
1555 3696 1777 3768 aristaeum,
1788 3688 1885 3767 Rtpado

211 3866 214 3873 ’
258 3790 415 3909 pugnatorem·
438 3846 540 3903 blabill.
568 3846 737 3904 denuntians
768 3846 847 3919 igitur
872 3843 965 3912 desua,
995 3860 1060 3914 puo-
1113 3766 1542 3923 rosbaiggatun'ognnqiozaeefessnerh
1560 3837 1661 3895 tlabtlt.
1677 3848 1702 3896 et
1720 3840 1825 3895 bonuau
1839 3846 1883 3891 rou

259 3926 328 3983 nium
339 3924 412 3995 λόγος
425 3918 513 3979 lem.
1112 3914 1201 3971 dirior
1215 3930 1266 3967 non
1280 3926 1406 3975 nemon,
1419 3910 1465 3967 rod
1475 3912 1610 3967 meatim
1622 3912 1698 3969 aetla
1712 3910 1774 3979 ded,
1783 3918 1830 3966 ειε.

297 3994 439 4064 Quomodo,
454 4001 507 4049 etc.
522 3990 660 4051 briullon.
671 3990 801 4065 utromodo
813 4000 838 4049 ol
852 3988 921 4050 oea·
943 3999 967 4045 ει
985 3988 1058 4064 λόγος
1151 3986 1213 4056 Qui,
1223 3992 1277 4043 oio.
1292 3983 1461 4043 maumam
1471 3984 1544 4055 apud
1559 3983 1700 4047 llabitba.

271 4118 601 4147 ffl-m--n
1535 4102 1875 4139 m

836 4207 1087 4295 CANDIDl
1121 4204 1331 4289 ARIANI

656 4346 825 4408 urtsuota
846 4346 891 4405 aa
911 4343 1047 4405 ttnmuu
1065 4341 1278 4401 ucromuuu
1297 4341 1501 4407 atterutro.

296 4470 318 4535 γ,
331 4470 411 4532 uptun
427 4467 490 4527 ιῑςςῑ
503 4462 636 4534 mitigas,
659 4476 676 4517 o
693 4461 779 4515 ananiae
801 4456 939 4517 Victorino
953 4499 960 4527 ‚
973 4467 1002 4514 ει
1015 4459 1100 4521 ar·1l
1113 4456 1203 4515 omnnia
1218 4457 1372 4518 rinocerotem
1394 4457 1558 4525 nortuum.
1585 4472 1636 4529 pro
1650 4472 1704 4530 gua
1716 4466 1741 4515 at
1752 4464 1781 4515 tu
1792 4464 1887 4527 proptu·

262 4575 406 4639 purulenta,
420 4569 448 4618 ει
460 4556 583 4628 exempla
599 4596 607 4623 ,
622 4552 718 4624 «paribus
732 4551 883 4624 approbare
899 4552 993 4607 nitaris
1009 4567 1057 4606 na·
1110 4566 1178 4621 nas,
1204 4550 1232 4605 iu
1245 4550 1361 4606 Domino
1385 4551 1489 4606 saluum
1504 4564 1575 4607 esse.
1591 4549 1683 4609 'Patre
1697 4565 1757 4607 meo
1769 4543 1886 4605 Ammonio

264 4669 318 4713 tttnt
334 4655 469 4712 Christum
488 4664 568 4716 esso,
591 4661 644 4703 non
657 4644 778 4701 iactum:
804 4641 886 4699 Arinis
908 4643 1061 4712 tamen‚rir
1110 4644 1236 4702 ueniente
1251 4645 1284 4701 ad
1307 4645 1514 4713 Nicomediam,
1538 4646 1636 4703 rationi
1646 4647 1766 4705 debitum
1786 4641 1886 4719 appatuit

261 4752 332 4811 anis
345 4747 467 4821 ingenii,
493 4744 606 4815 eliasque
621 4736 744 4811 discipuli
770 4778 778 4806 ‚
805 4746 834 4795 et
848 4738 919 4795 inter
945 4736 1060 4793 eximios
1110 4740 1230 4801 salutare
1251 4750 1278 4795 te
1293 4754 1341 4811 per
1353 4739 1464 4811 ipsunt,
1492 4738 1626 4812 simulque
1638 4751 1667 4798 et
1689 4736 1886 4801 commanentis·

266 4844 407 4903 excellens
418 4836 574 4905 Eusebius,
599 4836 655 4891 suis
677 4832 798 4907 epistolis
820 4832 854 4889 de
875 4830 927 4887 isto
947 4843 1059 4887 setrten·
1112 4849 1175 4893 eero
1188 4834 1346 4894 clrarltatem
1358 4834 1406 4893 tibi
1416 4836 1545 4904 innatam,
1554 4836 1763 4900 etaooetionen
1773 4831 1887 4909 enauit·

263 4942 314 4998 tias
325 4934 492 5011 protulerunt
506 4947 514 4999 3
528 4944 596 5003 quas
610 4928 738 5000 epistolas
752 4942 824 4985 nune
833 4926 1003 4997 subjicimus.
1112 4927 1161 4987 bes
1174 4928 1208 4984 ad
1224 4927 1322 4985 tratres
1338 4972 1345 4993 ,
1359 4937 1469 5000 propter
1485 4930 1628 4986 Dominum
1640 4942 1668 4989 et
1682 4929 1885 4999 conterendo:

297 5028 355 5090 Arii
369 5026 403 5083 ad
417 5022 563 5080 Eusebium
577 5037 585 5080 z
599 5038 610 5073 t
625 5020 740 5077 Domino
753 5018 993 5086 desideratissimo,
1009 5018 1059 5076 bo·
1111 5022 1239 5093 quoniam
1254 5020 1397 5093 anagninae
1414 5038 1464 5079 naas
1486 5034 1611 5095 exportat
1625 5033 1653 5084 et
1668 5025 1848 5099 persequitur,
1863 5026 1883 5075 el

262 5128 327 5189 nninl
343 5120 472 5180 betunen
488 5160 496 5189 ,
517 5128 592 5174 recta
605 5116 724 5187 opinanti
741 5158 749 5183 ,
773 5117 854 5173 brius
867 5115 912 5187 qni
929 5128 1058 5186 persecu·
1112 5129 1192 5172 omne
1207 5114 1306 5171 nuatum
1320 5123 1410 5171 moret
1421 5114 1565 5177 aduersum
1581 5131 1631 5176 nos
1643 5118 1805 5194 episcopus,
1822 5123 1846 5174 ut
1856 5110 1886 5165 lo·

263 5225 362 5281 tionem
386 5214 485 5290 patitur
510 5210 544 5268 ab
563 5209 716 5267 Alexandro
731 5225 797 5283 papa
811 5210 910 5283 irnjttste
925 5252 931 5275 ‚
946 5218 1058 5283 propter
1110 5218 1156 5278 get
1169 5224 1220 5265 nos
1231 5208 1265 5267 de
1278 5208 1473 5281 diiungunt
1485 5208 1610 5273 noniano
1619 5210 1680 5273 uiuo
1694 5208 1769 5282 un,
1782 5203 1885 5282 Μ

918 5300 1099 5359 VAthlliUll
1112 5300 1229 5358 ΝΟΜ.

297 5394 1055 5485 Epistulae-Arii.Scripsiihltuoepisioiam:lrittsttd
1107 5394 1169 5471 ὁμοῦ
1182 5418 1209 5454 rt
1223 5393 1463 5473 dnouement
1528 5398 1744 5475 ὂοοοοᾶγᾶῃς.

261 5482 409 5542 Eusebium
435 5472 693 5532 Nientnedieusem:
720 5470 967 5539 eamqttetoeitunt
989 5469 1054 5539 lipi-
1144 5468 1469 5525 Eromnemotnntnrouet.
1513 5472 1729 5536 «εεεμοιόςςόιοςς
1742 5468 1883 5530 &maurit

261 5556 386 5627 ruinartius,
404 5548 499 5605 Horret.
526 5560 600 5613 tntu,
617 5542 631 5617 5
648 5542 676 5609 6,
699 5540 890 5607 Theodorum,
910 5538 978 5595 lliat.
993 5541 1056 5595 eorl.
1108 5541 1229 5612 unicoque
1245 5540 1403 5597 uertendum
1414 5581 1421 5604 ‚
1434 5550 1457 5594 rt
1470 5558 1570 5597 omnem
1586 5542 1730 5603 ςοοολὶοωε
1741 5548 1825 5605 gago.
1838 5532 1881 5593 tn

261 5628 307 5683 lib.
325 5638 415 5693 t‚cap.
431 5616 686 5689 betuieepbnrns,
702 5610 907 5669 titanorum.
923 5626 981 5676 utu,
996 5625 1056 5683 cap.
1108 5613 1206 5669 κάλωολ
1243 5612 1449 5684 ebatlnterpres
1463 5612 1549 5669 οακόο.

262 5700 289 5757 tl.
307 5698 387 5753 Extant
398 5690 492 5748 eatena
509 5690 589 5746 latine
601 5688 629 5745 iu
644 5685 796 5759 Triportitn,
810 5682 857 5739 tib.
867 5698 888 5740 1.
902 5696 962 5753 cop.
975 5680 1020 5738 lb.
1145 5685 1208 5741 Siue
1249 5700 1287 5741 oo.
1303 5682 1409 5758 Graece,
1422 5686 1522 5753 ἀθέους,
1533 5685 1626 5759 iutpios
1637 5685 1722 5752 uorat
1730 5680 1855 5745 dalaias

298 5752 1057 5833 Communem.begenduntridoturdourntonitom.Graece,
