<?xml version="1.0" encoding="UTF-8"?>
<!DOCTYPE html PUBLIC "-//W3C//DTD XHTML 1.0 Transitional//EN"
    "http://www.w3.org/TR/xhtml1/DTD/xhtml1-transitional.dtd">
<html xmlns="http://www.w3.org/1999/xhtml" xml:lang="en" lang="en">
 <head>
  <title>
</title>
<meta http-equiv="Content-Type" content="text/html;charset=utf-8" />
  <meta name='ocr-system' content='tesseract 3.04.00' />
  <meta name='ocr-capabilities' content='ocr_page ocr_carea ocr_par ocr_line ocrx_word'/>
</head>
<body>
  <div class='ocr_page' id='page_1' title='image "./patrologiaecurs242unkngoog_0017.png"; bbox 0 0 3975 6292; ppageno 0'>
   <div class='ocr_carea' id='block_1_1' title="bbox 222 265 1202 345">
    <p class='ocr_par' dir='ltr' id='par_1_1' title="bbox 222 265 1202 345">
     <span class='ocr_line' id='line_1_1' title="bbox 222 265 1202 345; baseline 0.005 -22"><span class='ocrx_word' id='word_1_1' title='bbox 222 265 258 324; x_wconf 84' lang='lat' dir='ltr'><strong>ar</strong></span> <span class='ocrx_word' id='word_1_2' title='bbox 310 308 313 314; x_wconf 59' lang='grc'>,</span> <span class='ocrx_word' id='word_1_3' title='bbox 886 267 1202 345; x_wconf 67' lang='grc' dir='ltr'>ειιιιιιιιι;ιιιιιιιιιι</span> 
     </span>
    </p>
   </div>
   <div class='ocr_carea' id='block_1_2' title="bbox 223 384 1876 1306">
    <p class='ocr_par' dir='ltr' id='par_1_2' title="bbox 223 384 1876 1206">
     <span class='ocr_line' id='line_1_2' title="bbox 223 384 1873 461; baseline 0.004 -20"><span class='ocrx_word' id='word_1_4' title='bbox 223 387 277 442; x_wconf 87' lang='lat' dir='ltr'><strong>tius</strong></span> <span class='ocrx_word' id='word_1_5' title='bbox 297 384 371 442; x_wconf 82' lang='lat' dir='ltr'><strong>orbis</strong></span> <span class='ocrx_word' id='word_1_6' title='bbox 382 386 536 456; x_wconf 77' lang='lat' dir='ltr'><strong>presidium</strong></span> <span class='ocrx_word' id='word_1_7' title='bbox 558 397 616 454; x_wconf 90' lang='lat' dir='ltr'><strong>est,</strong></span> <span class='ocrx_word' id='word_1_8' title='bbox 632 385 769 444; x_wconf 89' lang='lat' dir='ltr'><strong>literarum</strong></span> <span class='ocrx_word' id='word_1_9' title='bbox 790 386 861 441; x_wconf 88' lang='lat' dir='ltr'><strong>notis</strong></span> <span class='ocrx_word' id='word_1_10' title='bbox 882 400 1018 457; x_wconf 82' lang='lat' dir='ltr'><strong>rrurrquam</strong></span> <span class='ocrx_word' id='word_1_11' title='bbox 1032 389 1059 449; x_wconf 76' lang='grc' dir='ltr'><strong>Α</strong></span> <span class='ocrx_word' id='word_1_12' title='bbox 1072 387 1190 456; x_wconf 77' lang='lat' dir='ltr'><strong>opulenti</strong></span> <span class='ocrx_word' id='word_1_13' title='bbox 1203 388 1276 458; x_wconf 92' lang='lat' dir='ltr'><strong>prius</strong></span> <span class='ocrx_word' id='word_1_14' title='bbox 1289 389 1466 457; x_wconf 72' lang='lat' dir='ltr'><strong>exstitissem,</strong></span> <span class='ocrx_word' id='word_1_15' title='bbox 1480 400 1572 461; x_wconf 88' lang='lat' dir='ltr'><strong>postea</strong></span> <span class='ocrx_word' id='word_1_16' title='bbox 1585 387 1686 446; x_wconf 85' lang='lat' dir='ltr'><strong>mutata</strong></span> <span class='ocrx_word' id='word_1_17' title='bbox 1700 402 1773 448; x_wconf 88' lang='lat' dir='ltr'><strong>sorte</strong></span> <span class='ocrx_word' id='word_1_18' title='bbox 1784 394 1810 448; x_wconf 91' lang='lat' dir='ltr'><strong>in</strong></span> <span class='ocrx_word' id='word_1_19' title='bbox 1825 410 1873 448; x_wconf 82' lang='lat' dir='ltr'><strong>ur-</strong></span> 
     </span>
     <span class='ocr_line' id='line_1_3' title="bbox 224 479 1873 554; baseline 0.002 -18"><span class='ocrx_word' id='word_1_20' title='bbox 224 479 373 536; x_wconf 90' lang='lat' dir='ltr'><strong>iuteritnris</strong></span> <span class='ocrx_word' id='word_1_21' title='bbox 393 481 488 536; x_wconf 88' lang='lat' dir='ltr'><strong>inciso.</strong></span> <span class='ocrx_word' id='word_1_22' title='bbox 503 480 599 538; x_wconf 86' lang='lat' dir='ltr'><strong>Statim</strong></span> <span class='ocrx_word' id='word_1_23' title='bbox 618 495 683 552; x_wconf 73' lang='lat' dir='ltr'><strong>erqo</strong></span> <span class='ocrx_word' id='word_1_24' title='bbox 701 479 845 536; x_wconf 73' lang='lat' dir='ltr'><strong>sublimem</strong></span> <span class='ocrx_word' id='word_1_25' title='bbox 865 480 970 534; x_wconf 87' lang='lat' dir='ltr'><strong>bustum</strong></span> <span class='ocrx_word' id='word_1_26' title='bbox 993 479 1022 534; x_wconf 92' lang='lat' dir='ltr'><strong>in</strong></span> <span class='ocrx_word' id='word_1_27' title='bbox 1076 487 1177 535; x_wconf 89' lang='lat' dir='ltr'><strong>tremas</strong></span> <span class='ocrx_word' id='word_1_28' title='bbox 1190 479 1357 538; x_wconf 77' lang='lat' dir='ltr'><strong>calamitates</strong></span> <span class='ocrx_word' id='word_1_29' title='bbox 1368 482 1528 550; x_wconf 83' lang='lat' dir='ltr'><strong>incideram,</strong></span> <span class='ocrx_word' id='word_1_30' title='bbox 1542 483 1656 554; x_wconf 70' lang='lat' dir='ltr'><strong>largiora</strong></span> <span class='ocrx_word' id='word_1_31' title='bbox 1670 483 1732 539; x_wconf 77' lang='lat' dir='ltr'><strong>vitre</strong></span> <span class='ocrx_word' id='word_1_32' title='bbox 1753 485 1873 541; x_wconf 72' lang='lat' dir='ltr'><strong>subsistit</strong></span> 
     </span>
     <span class='ocr_line' id='line_1_4' title="bbox 223 571 1874 648; baseline 0.001 -18"><span class='ocrx_word' id='word_1_33' title='bbox 223 573 332 630; x_wconf 91' lang='lat' dir='ltr'><strong>modum</strong></span> <span class='ocrx_word' id='word_1_34' title='bbox 341 575 439 643; x_wconf 80' lang='lat' dir='ltr'><strong>crucis,</strong></span> <span class='ocrx_word' id='word_1_35' title='bbox 453 575 504 632; x_wconf 89' lang='lat' dir='ltr'><strong>sub</strong></span> <span class='ocrx_word' id='word_1_36' title='bbox 514 586 725 632; x_wconf 81' lang='lat' dir='ltr'><strong>manrrmstatue¹</strong></span> <span class='ocrx_word' id='word_1_37' title='bbox 735 575 827 632; x_wconf 82' lang='lat' dir='ltr'><strong>suein</strong></span> <span class='ocrx_word' id='word_1_38' title='bbox 843 575 1023 631; x_wconf 86' lang='lat' dir='ltr'><strong>celeberrimo</strong></span> <span class='ocrx_word' id='word_1_39' title='bbox 1074 571 1266 632; x_wconf 71' lang='lat' dir='ltr'><strong>commodavit.</strong></span> <span class='ocrx_word' id='word_1_40' title='bbox 1283 573 1449 646; x_wconf 87' lang='lat' dir='ltr'><strong>Prorsusqnc</strong></span> <span class='ocrx_word' id='word_1_41' title='bbox 1459 576 1635 648; x_wconf 75' lang='lat' dir='ltr'><strong>reqioautrno</strong></span> <span class='ocrx_word' id='word_1_42' title='bbox 1646 577 1786 647; x_wconf 76' lang='lat' dir='ltr'><strong>maginiea</strong></span> <span class='ocrx_word' id='word_1_43' title='bbox 1799 593 1874 648; x_wconf 84' lang='lat' dir='ltr'><strong>quu-</strong></span> 
     </span>
     <span class='ocr_line' id='line_1_5' title="bbox 227 661 1873 740; baseline 0.001 -18"><span class='ocrx_word' id='word_1_44' title='bbox 227 666 302 724; x_wconf 88' lang='lat' dir='ltr'><strong>urbis</strong></span> <span class='ocrx_word' id='word_1_45' title='bbox 321 667 382 723; x_wconf 87' lang='lat' dir='ltr'><strong>loeo</strong></span> <span class='ocrx_word' id='word_1_46' title='bbox 408 668 471 739; x_wconf 89' lang='lat' dir='ltr'><strong>porti</strong></span> <span class='ocrx_word' id='word_1_47' title='bbox 490 668 580 738; x_wconf 77' lang='lat' dir='ltr'><strong>irvasit,</strong></span> <span class='ocrx_word' id='word_1_48' title='bbox 596 677 625 725; x_wconf 90' lang='lat' dir='ltr'><strong>et</strong></span> <span class='ocrx_word' id='word_1_49' title='bbox 644 667 798 740; x_wconf 81' lang='lat' dir='ltr'><strong>hujusmodi</strong></span> <span class='ocrx_word' id='word_1_50' title='bbox 819 666 1024 738; x_wconf 68' lang='lat' dir='ltr'><strong>inscriptionem</strong></span> <span class='ocrx_word' id='word_1_51' title='bbox 1074 661 1136 717; x_wconf 89' lang='lat' dir='ltr'><strong>darn</strong></span> <span class='ocrx_word' id='word_1_52' title='bbox 1162 679 1274 722; x_wconf 87' lang='lat' dir='ltr'><strong>munera</strong></span> <span class='ocrx_word' id='word_1_53' title='bbox 1299 666 1325 721; x_wconf 88' lang='lat' dir='ltr'><strong>in</strong></span> <span class='ocrx_word' id='word_1_54' title='bbox 1338 666 1470 739; x_wconf 82' lang='lat' dir='ltr'><strong>ejusmodi</strong></span> <span class='ocrx_word' id='word_1_55' title='bbox 1493 667 1616 724; x_wconf 87' lang='lat' dir='ltr'><strong>trorniucs</strong></span> <span class='ocrx_word' id='word_1_56' title='bbox 1635 668 1788 735; x_wconf 79' lang='lat' dir='ltr'><strong>cordereus,</strong></span> <span class='ocrx_word' id='word_1_57' title='bbox 1811 670 1873 726; x_wconf 80' lang='lat' dir='ltr'><strong>aliis</strong></span> 
     </span>
     <span class='ocr_line' id='line_1_6' title="bbox 224 755 1874 832; baseline 0 -16"><span class='ocrx_word' id='word_1_58' title='bbox 224 759 309 816; x_wconf 87' lang='lat' dir='ltr'><strong>latino</strong></span> <span class='ocrx_word' id='word_1_59' title='bbox 322 775 448 818; x_wconf 76' lang='lat' dir='ltr'><strong>sermone</strong></span> <span class='ocrx_word' id='word_1_60' title='bbox 461 760 556 832; x_wconf 84' lang='lat' dir='ltr'><strong>subjici</strong></span> <span class='ocrx_word' id='word_1_61' title='bbox 572 778 579 816; x_wconf 76' lang='grc' dir='ltr'><strong>ε</strong></span> <span class='ocrx_word' id='word_1_62' title='bbox 596 760 654 814; x_wconf 85' lang='lat' dir='ltr'><strong>lloc</strong></span> <span class='ocrx_word' id='word_1_63' title='bbox 666 759 773 816; x_wconf 85' lang='lat' dir='ltr'><strong>rulrrtnri</strong></span> <span class='ocrx_word' id='word_1_64' title='bbox 783 759 856 832; x_wconf 79' lang='lat' dir='ltr'><strong>siquo</strong></span> <span class='ocrx_word' id='word_1_65' title='bbox 868 759 938 830; x_wconf 84' lang='lat' dir='ltr'><strong>quod</strong></span> <span class='ocrx_word' id='word_1_66' title='bbox 957 773 1024 814; x_wconf 77' lang='lat' dir='ltr'><strong>uero</strong></span> <span class='ocrx_word' id='word_1_67' title='bbox 1074 769 1153 828; x_wconf 73' lang='lat' dir='ltr'><strong>agros</strong></span> <span class='ocrx_word' id='word_1_68' title='bbox 1165 755 1286 824; x_wconf 91' lang='lat' dir='ltr'><strong>donavit,</strong></span> <span class='ocrx_word' id='word_1_69' title='bbox 1297 757 1363 814; x_wconf 88' lang='lat' dir='ltr'><strong>alios</strong></span> <span class='ocrx_word' id='word_1_70' title='bbox 1373 760 1455 814; x_wconf 89' lang='lat' dir='ltr'><strong>variis</strong></span> <span class='ocrx_word' id='word_1_71' title='bbox 1464 759 1639 831; x_wconf 70' lang='lat' dir='ltr'><strong>dignitatibus</strong></span> <span class='ocrx_word' id='word_1_72' title='bbox 1651 761 1767 816; x_wconf 87' lang='lat' dir='ltr'><strong>ornarit.</strong></span> <span class='ocrx_word' id='word_1_73' title='bbox 1780 761 1813 816; x_wconf 84' lang='lat' dir='ltr'><strong>Et</strong></span> <span class='ocrx_word' id='word_1_74' title='bbox 1826 776 1874 816; x_wconf 90' lang='lat' dir='ltr'><strong>co·</strong></span> 
     </span>
     <span class='ocr_line' id='line_1_7' title="bbox 223 851 1874 926; baseline -0.001 -16"><span class='ocrx_word' id='word_1_75' title='bbox 223 855 323 910; x_wconf 80' lang='lat' dir='ltr'><strong>uirtutis</strong></span> <span class='ocrx_word' id='word_1_76' title='bbox 334 865 511 926; x_wconf 78' lang='lat' dir='ltr'><strong>urqrrmeutunr</strong></span> <span class='ocrx_word' id='word_1_77' title='bbox 525 864 571 922; x_wconf 87' lang='lat' dir='ltr'><strong>est,</strong></span> <span class='ocrx_word' id='word_1_78' title='bbox 588 863 696 909; x_wconf 85' lang='lat' dir='ltr'><strong>uestrum</strong></span> <span class='ocrx_word' id='word_1_79' title='bbox 714 852 803 907; x_wconf 81' lang='lat' dir='ltr'><strong>urbem</strong></span> <span class='ocrx_word' id='word_1_80' title='bbox 818 853 959 924; x_wconf 82' lang='lat' dir='ltr'><strong>tqrunuicoe</strong></span> <span class='ocrx_word' id='word_1_81' title='bbox 973 852 1024 905; x_wconf 82' lang='lat' dir='ltr'><strong>do·</strong></span> <span class='ocrx_word' id='word_1_82' title='bbox 1075 851 1301 922; x_wconf 88' lang='lat' dir='ltr'><strong>rumquidemqui</strong></span> <span class='ocrx_word' id='word_1_83' title='bbox 1313 852 1340 908; x_wconf 89' lang='lat' dir='ltr'><strong>in</strong></span> <span class='ocrx_word' id='word_1_84' title='bbox 1350 852 1473 910; x_wconf 81' lang='lat' dir='ltr'><strong>orbitatis</strong></span> <span class='ocrx_word' id='word_1_85' title='bbox 1484 854 1607 911; x_wconf 75' lang='lat' dir='ltr'><strong>miserias</strong></span> <span class='ocrx_word' id='word_1_86' title='bbox 1617 855 1785 921; x_wconf 88' lang='lat' dir='ltr'><strong>incidissem,</strong></span> <span class='ocrx_word' id='word_1_87' title='bbox 1796 855 1874 926; x_wconf 79' lang='lat' dir='ltr'><strong>quasi</strong></span> 
     </span>
     <span class='ocr_line' id='line_1_8' title="bbox 223 943 1873 1020; baseline 0 -18"><span class='ocrx_word' id='word_1_88' title='bbox 223 947 371 1002; x_wconf 79' lang='lat' dir='ltr'><strong>urinudonir</strong></span> <span class='ocrx_word' id='word_1_89' title='bbox 383 948 449 1020; x_wconf 70' lang='lat' dir='ltr'><strong>ineo</strong></span> <span class='ocrx_word' id='word_1_90' title='bbox 470 947 600 1003; x_wconf 77' lang='lat' dir='ltr'><strong>bimatum</strong></span> <span class='ocrx_word' id='word_1_91' title='bbox 619 947 726 1002; x_wconf 77' lang='lat' dir='ltr'><strong>ser-ouri.</strong></span> <span class='ocrx_word' id='word_1_92' title='bbox 752 945 861 1002; x_wconf 84' lang='lat' dir='ltr'><strong>Senatui</strong></span> <span class='ocrx_word' id='word_1_93' title='bbox 879 943 1025 1016; x_wconf 77' lang='lat' dir='ltr'><strong>populoque</strong></span> <span class='ocrx_word' id='word_1_94' title='bbox 1076 953 1151 1014; x_wconf 88' lang='lat' dir='ltr'><strong>pater</strong></span> <span class='ocrx_word' id='word_1_95' title='bbox 1163 960 1256 1002; x_wconf 90' lang='lat' dir='ltr'><strong>euram</strong></span> <span class='ocrx_word' id='word_1_96' title='bbox 1270 946 1382 1018; x_wconf 74' lang='lat' dir='ltr'><strong>gerebat</strong></span> <span class='ocrx_word' id='word_1_97' title='bbox 1395 965 1403 1002; x_wconf 77' lang='grc' dir='ltr'>ι</span> <span class='ocrx_word' id='word_1_98' title='bbox 1414 947 1554 1004; x_wconf 84' lang='lat' dir='ltr'><strong>viduarum</strong></span> <span class='ocrx_word' id='word_1_99' title='bbox 1569 957 1659 1004; x_wconf 87' lang='lat' dir='ltr'><strong>autem</strong></span> <span class='ocrx_word' id='word_1_100' title='bbox 1673 947 1815 1004; x_wconf 83' lang='lat' dir='ltr'><strong>mulierum</strong></span> <span class='ocrx_word' id='word_1_101' title='bbox 1827 965 1873 1002; x_wconf 90' lang='lat' dir='ltr'><strong>so·</strong></span> 
     </span>
     <span class='ocr_line' id='line_1_9' title="bbox 224 1037 1874 1115; baseline 0.001 -20"><span class='ocrx_word' id='word_1_102' title='bbox 224 1038 342 1095; x_wconf 86' lang='lat' dir='ltr'><strong>Ronrauo</strong></span> <span class='ocrx_word' id='word_1_103' title='bbox 356 1041 382 1096; x_wconf 87' lang='lat' dir='ltr'><strong>in</strong></span> <span class='ocrx_word' id='word_1_104' title='bbox 396 1041 536 1096; x_wconf 81' lang='lat' dir='ltr'><strong>libertatem</strong></span> <span class='ocrx_word' id='word_1_105' title='bbox 550 1051 646 1097; x_wconf 75' lang='lat' dir='ltr'><strong>assuto</strong></span> <span class='ocrx_word' id='word_1_106' title='bbox 661 1039 798 1115; x_wconf 85' lang='lat' dir='ltr'><strong>pristinum</strong></span> <span class='ocrx_word' id='word_1_107' title='bbox 815 1039 892 1094; x_wconf 88' lang='lat' dir='ltr'><strong>decus</strong></span> <span class='ocrx_word' id='word_1_108' title='bbox 903 1037 1023 1094; x_wconf 79' lang='lat' dir='ltr'><strong>nobilitu-</strong></span> <span class='ocrx_word' id='word_1_109' title='bbox 1076 1037 1216 1096; x_wconf 88' lang='lat' dir='ltr'><strong>iitudiuern</strong></span> <span class='ocrx_word' id='word_1_110' title='bbox 1231 1039 1387 1107; x_wconf 85' lang='lat' dir='ltr'><strong>sublevans,</strong></span> <span class='ocrx_word' id='word_1_111' title='bbox 1397 1056 1445 1096; x_wconf 89' lang='lat' dir='ltr'><strong>eas</strong></span> <span class='ocrx_word' id='word_1_112' title='bbox 1455 1040 1603 1112; x_wconf 86' lang='lat' dir='ltr'><strong>patrocinio</strong></span> <span class='ocrx_word' id='word_1_113' title='bbox 1615 1055 1666 1098; x_wconf 89' lang='lat' dir='ltr'><strong>suo</strong></span> <span class='ocrx_word' id='word_1_114' title='bbox 1677 1040 1792 1097; x_wconf 80' lang='lat' dir='ltr'><strong>fovebat.</strong></span> <span class='ocrx_word' id='word_1_115' title='bbox 1803 1041 1874 1110; x_wconf 75' lang='lat' dir='ltr'><strong>Quin</strong></span> 
     </span>
     <span class='ocr_line' id='line_1_10' title="bbox 226 1131 1876 1206; baseline 0.002 -19"><span class='ocrx_word' id='word_1_116' title='bbox 226 1133 259 1187; x_wconf 88' lang='lat' dir='ltr'><strong>tir</strong></span> <span class='ocrx_word' id='word_1_117' title='bbox 267 1132 478 1206; x_wconf 70' lang='lat' dir='ltr'><strong>splendoremque</strong></span> <span class='ocrx_word' id='word_1_118' title='bbox 490 1132 601 1190; x_wconf 88' lang='lat' dir='ltr'><strong>restitui.</strong></span> <span class='ocrx_word' id='word_1_119' title='bbox 1075 1131 1156 1189; x_wconf 84' lang='lat' dir='ltr'><strong>etiarn</strong></span> <span class='ocrx_word' id='word_1_120' title='bbox 1166 1131 1283 1204; x_wconf 73' lang='lat' dir='ltr'><strong>virgines</strong></span> <span class='ocrx_word' id='word_1_121' title='bbox 1294 1133 1449 1204; x_wconf 72' lang='lat' dir='ltr'><strong>pereuntibus</strong></span> <span class='ocrx_word' id='word_1_122' title='bbox 1459 1134 1515 1189; x_wconf 88' lang='lat' dir='ltr'><strong>suis</strong></span> <span class='ocrx_word' id='word_1_123' title='bbox 1527 1134 1637 1190; x_wconf 84' lang='lat' dir='ltr'><strong>orbatas</strong></span> <span class='ocrx_word' id='word_1_124' title='bbox 1650 1133 1707 1204; x_wconf 90' lang='lat' dir='ltr'><strong>ipse</strong></span> <span class='ocrx_word' id='word_1_125' title='bbox 1721 1132 1876 1190; x_wconf 87' lang='lat' dir='ltr'><strong>bominibus</strong></span> 
     </span>
    </p>

    <p class='ocr_par' dir='ltr' id='par_1_3' title="bbox 519 1223 1874 1306">
     <span class='ocr_line' id='line_1_11' title="bbox 519 1223 1874 1306; baseline 0 -26"><span class='ocrx_word' id='word_1_126' title='bbox 519 1246 632 1306; x_wconf 62' lang='lat' dir='ltr'>CAPUT</span> <span class='ocrx_word' id='word_1_127' title='bbox 651 1247 720 1304; x_wconf 45' lang='lat' dir='ltr'><strong>m·</strong></span> <span class='ocrx_word' id='word_1_128' title='bbox 1076 1224 1211 1296; x_wconf 79' lang='lat' dir='ltr'><strong>opulentis</strong></span> <span class='ocrx_word' id='word_1_129' title='bbox 1224 1240 1256 1280; x_wconf 92' lang='lat' dir='ltr'><strong>ac</strong></span> <span class='ocrx_word' id='word_1_130' title='bbox 1271 1223 1447 1282; x_wconf 82' lang='lat' dir='ltr'><strong>tauriliaribus</strong></span> <span class='ocrx_word' id='word_1_131' title='bbox 1459 1225 1515 1280; x_wconf 90' lang='lat' dir='ltr'><strong>suis</strong></span> <span class='ocrx_word' id='word_1_132' title='bbox 1529 1227 1555 1282; x_wconf 90' lang='lat' dir='ltr'><strong>iu</strong></span> <span class='ocrx_word' id='word_1_133' title='bbox 1577 1225 1777 1281; x_wconf 76' lang='lat' dir='ltr'><strong>matrimonium</strong></span> <span class='ocrx_word' id='word_1_134' title='bbox 1789 1225 1874 1282; x_wconf 76' lang='lat' dir='ltr'><strong>detta.</strong></span> 
     </span>
    </p>
   </div>
   <div class='ocr_carea' id='block_1_3' title="bbox 258 1314 1877 1416">
    <p class='ocr_par' dir='ltr' id='par_1_4' title="bbox 258 1314 1877 1416">
     <span class='ocr_line' id='line_1_12' title="bbox 258 1314 1877 1416; baseline 0 -20"><span class='ocrx_word' id='word_1_135' title='bbox 258 1339 390 1398; x_wconf 75' lang='lat' dir='ltr'><strong>Exuttetio</strong></span> <span class='ocrx_word' id='word_1_136' title='bbox 403 1341 607 1416; x_wconf 83' lang='lat' dir='ltr'><strong>prouinciarum,</strong></span> <span class='ocrx_word' id='word_1_137' title='bbox 622 1351 645 1398; x_wconf 90' lang='lat' dir='ltr'><strong>et</strong></span> <span class='ocrx_word' id='word_1_138' title='bbox 658 1341 804 1414; x_wconf 82' lang='lat' dir='ltr'><strong>lurqitiones</strong></span> <span class='ocrx_word' id='word_1_139' title='bbox 819 1339 990 1401; x_wconf 83' lang='lat' dir='ltr'><strong>Constantini·</strong></span> <span class='ocrx_word' id='word_1_140' title='bbox 1080 1314 1164 1388; x_wconf 51' lang='grc' dir='ltr'><strong>ΜΨ</strong></span> <span class='ocrx_word' id='word_1_141' title='bbox 1176 1317 1284 1388; x_wconf 68' lang='lat' dir='ltr'><strong>³ss⁰b³¹t</strong></span> <span class='ocrx_word' id='word_1_142' title='bbox 1298 1333 1360 1374; x_wconf 69' lang='lat'><strong>⁰⁰¹⁰</strong></span> <span class='ocrx_word' id='word_1_143' title='bbox 1380 1319 1453 1390; x_wconf 61' lang='grc' dir='ltr'><strong>ΡΓῙ118</strong></span> <span class='ocrx_word' id='word_1_144' title='bbox 1475 1318 1594 1375; x_wconf 46' lang='grc' dir='ltr'><strong>ΜΝ</strong></span> <span class='ocrx_word' id='word_1_145' title='bbox 1615 1319 1788 1382; x_wconf 53' lang='grc' dir='ltr'><strong>ηῑὼθωῑω·</strong></span> <span class='ocrx_word' id='word_1_146' title='bbox 1802 1334 1877 1388; x_wconf 63' lang='lat' dir='ltr'><strong>W·</strong></span> 
     </span>
    </p>
   </div>
   <div class='ocr_carea' id='block_1_4' title="bbox 224 1455 1027 2274">
    <p class='ocr_par' dir='ltr' id='par_1_5' title="bbox 224 1455 1027 2274">
     <span class='ocr_line' id='line_1_13' title="bbox 261 1455 1026 1528; baseline -0.003 -14"><span class='ocrx_word' id='word_1_147' title='bbox 261 1457 292 1514; x_wconf 93' lang='lat' dir='ltr'><strong>lu</strong></span> <span class='ocrx_word' id='word_1_148' title='bbox 307 1455 379 1515; x_wconf 88' lang='lat' dir='ltr'><strong>bunc</strong></span> <span class='ocrx_word' id='word_1_149' title='bbox 397 1457 506 1514; x_wconf 89' lang='lat' dir='ltr'><strong>mudum</strong></span> <span class='ocrx_word' id='word_1_150' title='bbox 523 1455 572 1514; x_wconf 89' lang='lat' dir='ltr'><strong>Dei</strong></span> <span class='ocrx_word' id='word_1_151' title='bbox 587 1456 789 1514; x_wconf 85' lang='lat' dir='ltr'><strong>amantissimus</strong></span> <span class='ocrx_word' id='word_1_152' title='bbox 809 1455 955 1528; x_wconf 83' lang='lat' dir='ltr'><strong>imperator</strong></span> <span class='ocrx_word' id='word_1_153' title='bbox 970 1456 1026 1514; x_wconf 91' lang='lat' dir='ltr'><strong>vic-</strong></span> 
     </span>
     <span class='ocr_line' id='line_1_14' title="bbox 226 1549 1025 1622; baseline 0.003 -16"><span class='ocrx_word' id='word_1_154' title='bbox 226 1551 298 1608; x_wconf 89' lang='lat' dir='ltr'><strong>tricis</strong></span> <span class='ocrx_word' id='word_1_155' title='bbox 314 1551 403 1610; x_wconf 87' lang='lat' dir='ltr'><strong>crucis</strong></span> <span class='ocrx_word' id='word_1_156' title='bbox 412 1551 607 1610; x_wconf 84' lang='lat' dir='ltr'><strong>contessionem</strong></span> <span class='ocrx_word' id='word_1_157' title='bbox 624 1566 678 1622; x_wconf 83' lang='lat' dir='ltr'><strong>prm</strong></span> <span class='ocrx_word' id='word_1_158' title='bbox 691 1566 721 1607; x_wconf 88' lang='lat' dir='ltr'><strong>se</strong></span> <span class='ocrx_word' id='word_1_159' title='bbox 737 1550 837 1616; x_wconf 88' lang='lat' dir='ltr'><strong>tereus,</strong></span> <span class='ocrx_word' id='word_1_160' title='bbox 859 1549 957 1606; x_wconf 82' lang='lat' dir='ltr'><strong>Filium</strong></span> <span class='ocrx_word' id='word_1_161' title='bbox 977 1549 1025 1610; x_wconf 82' lang='lat' dir='ltr'><strong>bet</strong></span> 
     </span>
     <span class='ocr_line' id='line_1_15' title="bbox 229 1641 1025 1716; baseline 0.003 -16"><span class='ocrx_word' id='word_1_162' title='bbox 229 1641 359 1700; x_wconf 78' lang='lat' dir='ltr'><strong>Romanis</strong></span> <span class='ocrx_word' id='word_1_163' title='bbox 382 1643 466 1700; x_wconf 85' lang='lat' dir='ltr'><strong>libere</strong></span> <span class='ocrx_word' id='word_1_164' title='bbox 481 1651 563 1716; x_wconf 86' lang='lat' dir='ltr'><strong>atquo</strong></span> <span class='ocrx_word' id='word_1_165' title='bbox 577 1644 693 1716; x_wconf 78' lang='lat' dir='ltr'><strong>trigonae</strong></span> <span class='ocrx_word' id='word_1_166' title='bbox 708 1641 874 1714; x_wconf 73' lang='lat' dir='ltr'><strong>predicavit.</strong></span> <span class='ocrx_word' id='word_1_167' title='bbox 892 1643 923 1698; x_wconf 84' lang='lat' dir='ltr'><strong>iit</strong></span> <span class='ocrx_word' id='word_1_168' title='bbox 934 1653 1025 1702; x_wconf 85' lang='lat' dir='ltr'><strong>currctt</strong></span> 
     </span>
     <span class='ocr_line' id='line_1_16' title="bbox 224 1731 1005 1810; baseline -0.005 -14"><span class='ocrx_word' id='word_1_169' title='bbox 224 1738 270 1810; x_wconf 87' lang='lat' dir='ltr'><strong>qui</strong></span> <span class='ocrx_word' id='word_1_170' title='bbox 285 1738 380 1796; x_wconf 85' lang='lat' dir='ltr'><strong>turbem</strong></span> <span class='ocrx_word' id='word_1_171' title='bbox 394 1731 574 1808; x_wconf 84' lang='lat' dir='ltr'><strong>incolebant,</strong></span> <span class='ocrx_word' id='word_1_172' title='bbox 591 1747 645 1794; x_wconf 90' lang='lat' dir='ltr'><strong>tarn</strong></span> <span class='ocrx_word' id='word_1_173' title='bbox 659 1745 770 1794; x_wconf 85' lang='lat' dir='ltr'><strong>serratus</strong></span> <span class='ocrx_word' id='word_1_174' title='bbox 789 1752 870 1810; x_wconf 87' lang='lat' dir='ltr'><strong>quam</strong></span> <span class='ocrx_word' id='word_1_175' title='bbox 891 1737 1005 1808; x_wconf 90' lang='lat' dir='ltr'><strong>populus</strong></span> 
     </span>
     <span class='ocr_line' id='line_1_17' title="bbox 224 1829 1025 1906; baseline -0.002 -18"><span class='ocrx_word' id='word_1_176' title='bbox 224 1839 318 1904; x_wconf 87' lang='lat' dir='ltr'><strong>utpote</strong></span> <span class='ocrx_word' id='word_1_177' title='bbox 332 1829 429 1888; x_wconf 88' lang='lat' dir='ltr'><strong>acerba</strong></span> <span class='ocrx_word' id='word_1_178' title='bbox 440 1839 468 1888; x_wconf 90' lang='lat' dir='ltr'><strong>et</strong></span> <span class='ocrx_word' id='word_1_179' title='bbox 489 1831 628 1906; x_wconf 79' lang='lat' dir='ltr'><strong>tyrannica</strong></span> <span class='ocrx_word' id='word_1_180' title='bbox 642 1831 826 1888; x_wconf 89' lang='lat' dir='ltr'><strong>dominatione</strong></span> <span class='ocrx_word' id='word_1_181' title='bbox 844 1829 966 1896; x_wconf 89' lang='lat' dir='ltr'><strong>liberati,</strong></span> <span class='ocrx_word' id='word_1_182' title='bbox 980 1845 1025 1886; x_wconf 87' lang='lat' dir='ltr'><strong>re-</strong></span> 
     </span>
     <span class='ocr_line' id='line_1_18' title="bbox 225 1923 1025 1997; baseline 0 -16"><span class='ocrx_word' id='word_1_183' title='bbox 225 1925 329 1996; x_wconf 86' lang='lat' dir='ltr'><strong>spirare</strong></span> <span class='ocrx_word' id='word_1_184' title='bbox 347 1924 548 1996; x_wconf 87' lang='lat' dir='ltr'><strong>quodammado</strong></span> <span class='ocrx_word' id='word_1_185' title='bbox 568 1934 594 1980; x_wconf 91' lang='lat' dir='ltr'><strong>ct</strong></span> <span class='ocrx_word' id='word_1_186' title='bbox 607 1925 724 1997; x_wconf 89' lang='lat' dir='ltr'><strong>purioris</strong></span> <span class='ocrx_word' id='word_1_187' title='bbox 738 1925 805 1982; x_wconf 89' lang='lat' dir='ltr'><strong>lucis</strong></span> <span class='ocrx_word' id='word_1_188' title='bbox 816 1925 898 1982; x_wconf 90' lang='lat' dir='ltr'><strong>radiis</strong></span> <span class='ocrx_word' id='word_1_189' title='bbox 923 1923 1025 1996; x_wconf 86' lang='lat' dir='ltr'><strong>pertrui</strong></span> 
     </span>
     <span class='ocr_line' id='line_1_19' title="bbox 226 2015 1025 2090; baseline 0.003 -18"><span class='ocrx_word' id='word_1_190' title='bbox 226 2015 277 2072; x_wconf 86' lang='lat' dir='ltr'><strong>sibi</strong></span> <span class='ocrx_word' id='word_1_191' title='bbox 289 2016 459 2082; x_wconf 88' lang='lat' dir='ltr'><strong>videbantur,</strong></span> <span class='ocrx_word' id='word_1_192' title='bbox 471 2027 552 2090; x_wconf 89' lang='lat' dir='ltr'><strong>atque</strong></span> <span class='ocrx_word' id='word_1_193' title='bbox 565 2016 591 2072; x_wconf 91' lang='lat' dir='ltr'><strong>iu</strong></span> <span class='ocrx_word' id='word_1_194' title='bbox 607 2032 702 2074; x_wconf 89' lang='lat' dir='ltr'><strong>novam</strong></span> <span class='ocrx_word' id='word_1_195' title='bbox 717 2015 860 2088; x_wconf 80' lang='lat' dir='ltr'><strong>quamdam</strong></span> <span class='ocrx_word' id='word_1_196' title='bbox 879 2018 960 2074; x_wconf 88' lang='lat' dir='ltr'><strong>uitam</strong></span> <span class='ocrx_word' id='word_1_197' title='bbox 980 2032 1025 2074; x_wconf 88' lang='lat' dir='ltr'><strong>rc·</strong></span> 
     </span>
     <span class='ocr_line' id='line_1_20' title="bbox 225 2109 1025 2182; baseline 0 -16"><span class='ocrx_word' id='word_1_198' title='bbox 225 2109 310 2168; x_wconf 86' lang='lat' dir='ltr'><strong>nasei.</strong></span> <span class='ocrx_word' id='word_1_199' title='bbox 326 2109 428 2168; x_wconf 83' lang='lat' dir='ltr'><strong>Gentes</strong></span> <span class='ocrx_word' id='word_1_200' title='bbox 438 2125 545 2182; x_wconf 88' lang='lat' dir='ltr'><strong>quoque</strong></span> <span class='ocrx_word' id='word_1_201' title='bbox 564 2112 699 2170; x_wconf 83' lang='lat' dir='ltr'><strong>universae</strong></span> <span class='ocrx_word' id='word_1_202' title='bbox 714 2118 845 2182; x_wconf 83' lang='lat' dir='ltr'><strong>quotquot</strong></span> <span class='ocrx_word' id='word_1_203' title='bbox 861 2109 1025 2168; x_wconf 87' lang='lat' dir='ltr'><strong>occidentali</strong></span> 
     </span>
     <span class='ocr_line' id='line_1_21' title="bbox 226 2201 1027 2274; baseline -0.006 -10"><span class='ocrx_word' id='word_1_204' title='bbox 226 2217 328 2264; x_wconf 84' lang='lat' dir='ltr'><strong>oceano</strong></span> <span class='ocrx_word' id='word_1_205' title='bbox 349 2204 537 2272; x_wconf 78' lang='lat' dir='ltr'><strong>terminantur,</strong></span> <span class='ocrx_word' id='word_1_206' title='bbox 559 2204 681 2274; x_wconf 81' lang='lat' dir='ltr'><strong>pristinis</strong></span> <span class='ocrx_word' id='word_1_207' title='bbox 696 2204 775 2262; x_wconf 88' lang='lat' dir='ltr'><strong>malis</strong></span> <span class='ocrx_word' id='word_1_208' title='bbox 791 2204 926 2269; x_wconf 77' lang='lat' dir='ltr'><strong>liberata,</strong></span> <span class='ocrx_word' id='word_1_209' title='bbox 939 2201 1027 2260; x_wconf 87' lang='lat' dir='ltr'><strong>lestos</strong></span> 
     </span>
    </p>
   </div>
   <div class='ocr_carea' id='block_1_5' title="bbox 226 2260 1137 2362">
    <p class='ocr_par' dir='ltr' id='par_1_6' title="bbox 226 2260 1137 2362">
     <span class='ocr_line' id='line_1_22' title="bbox 226 2260 1137 2362; baseline -0.002 -10"><span class='ocrx_word' id='word_1_210' title='bbox 226 2295 284 2352; x_wconf 84' lang='lat' dir='ltr'><strong>dies</strong></span> <span class='ocrx_word' id='word_1_211' title='bbox 297 2311 360 2354; x_wconf 87' lang='lat' dir='ltr'><strong>eum</strong></span> <span class='ocrx_word' id='word_1_212' title='bbox 369 2297 443 2354; x_wconf 80' lang='lat' dir='ltr'><strong>amavi</strong></span> <span class='ocrx_word' id='word_1_213' title='bbox 456 2295 593 2354; x_wconf 84' lang='lat' dir='ltr'><strong>hilaritate</strong></span> <span class='ocrx_word' id='word_1_214' title='bbox 607 2295 797 2362; x_wconf 87' lang='lat' dir='ltr'><strong>celebrabaut;</strong></span> <span class='ocrx_word' id='word_1_215' title='bbox 817 2295 1026 2352; x_wconf 86' lang='lat' dir='ltr'><strong>Constantinum</strong></span> <span class='ocrx_word' id='word_1_216' title='bbox 1076 2260 1137 2307; x_wconf 65' lang='lat'><strong>⁸⁰⁰¹</strong></span> 
     </span>
    </p>
   </div>
   <div class='ocr_carea' id='block_1_6' title="bbox 225 2386 1027 2551">
    <p class='ocr_par' dir='ltr' id='par_1_7' title="bbox 225 2386 1027 2551">
     <span class='ocr_line' id='line_1_23' title="bbox 225 2386 1026 2456; baseline 0 -14"><span class='ocrx_word' id='word_1_217' title='bbox 225 2387 375 2456; x_wconf 82' lang='lat' dir='ltr'><strong>victorem,</strong></span> <span class='ocrx_word' id='word_1_218' title='bbox 391 2388 437 2444; x_wconf 88' lang='lat' dir='ltr'><strong>liei</strong></span> <span class='ocrx_word' id='word_1_219' title='bbox 459 2388 591 2452; x_wconf 86' lang='lat' dir='ltr'><strong>amioum,</strong></span> <span class='ocrx_word' id='word_1_220' title='bbox 612 2387 647 2446; x_wconf 87' lang='lat' dir='ltr'><strong>de</strong></span> <span class='ocrx_word' id='word_1_221' title='bbox 665 2387 792 2444; x_wconf 87' lang='lat' dir='ltr'><strong>omnibus</strong></span> <span class='ocrx_word' id='word_1_222' title='bbox 811 2388 880 2444; x_wconf 87' lang='lat' dir='ltr'><strong>bene</strong></span> <span class='ocrx_word' id='word_1_223' title='bbox 899 2386 1026 2444; x_wconf 86' lang='lat' dir='ltr'><strong>meritum</strong></span> 
     </span>
     <span class='ocr_line' id='line_1_24' title="bbox 226 2477 1027 2551; baseline -0.007 -11"><span class='ocrx_word' id='word_1_224' title='bbox 226 2477 1027 2551; x_wconf 81' lang='lat' dir='ltr'><strong>coutinuislaudibuspradicautes.Eumcunuticommuue</strong></span> 
     </span>
    </p>
   </div>
   <div class='ocr_carea' id='block_1_7' title="bbox 1076 1410 1877 1574">
    <p class='ocr_par' dir='ltr' id='par_1_8' title="bbox 1076 1410 1877 1574">
     <span class='ocr_line' id='line_1_25' title="bbox 1076 1410 1877 1484; baseline 0.007 -20"><span class='ocrx_word' id='word_1_225' title='bbox 1076 1424 1192 1482; x_wconf 90' lang='lat' dir='ltr'><strong>cumque</strong></span> <span class='ocrx_word' id='word_1_226' title='bbox 1206 1411 1278 1480; x_wconf 81' lang='lat' dir='ltr'><strong>ipsas</strong></span> <span class='ocrx_word' id='word_1_227' title='bbox 1291 1410 1356 1467; x_wconf 89' lang='lat' dir='ltr'><strong>viris</strong></span> <span class='ocrx_word' id='word_1_228' title='bbox 1370 1413 1427 1468; x_wconf 84' lang='lat' dir='ltr'><strong>suis</strong></span> <span class='ocrx_word' id='word_1_229' title='bbox 1452 1411 1575 1470; x_wconf 86' lang='lat' dir='ltr'><strong>conterre</strong></span> <span class='ocrx_word' id='word_1_230' title='bbox 1590 1415 1740 1483; x_wconf 85' lang='lat' dir='ltr'><strong>oportebat.</strong></span> <span class='ocrx_word' id='word_1_231' title='bbox 1757 1412 1877 1484; x_wconf 82' lang='lat' dir='ltr'><strong>Denique</strong></span> 
     </span>
     <span class='ocr_line' id='line_1_26' title="bbox 1076 1503 1877 1574; baseline 0.007 -17"><span class='ocrx_word' id='word_1_232' title='bbox 1076 1503 1301 1574; x_wconf 81' lang='lat' dir='ltr'><strong>quaemadmodum</strong></span> <span class='ocrx_word' id='word_1_233' title='bbox 1324 1505 1365 1560; x_wconf 91' lang='lat' dir='ltr'><strong>sol</strong></span> <span class='ocrx_word' id='word_1_234' title='bbox 1384 1520 1464 1574; x_wconf 87' lang='lat' dir='ltr'><strong>supra</strong></span> <span class='ocrx_word' id='word_1_235' title='bbox 1490 1517 1576 1560; x_wconf 85' lang='lat' dir='ltr'><strong>terras</strong></span> <span class='ocrx_word' id='word_1_236' title='bbox 1588 1510 1714 1564; x_wconf 81' lang='lat' dir='ltr'><strong>exoriens</strong></span> <span class='ocrx_word' id='word_1_237' title='bbox 1739 1506 1806 1563; x_wconf 82' lang='lat' dir='ltr'><strong>lucis</strong></span> <span class='ocrx_word' id='word_1_238' title='bbox 1820 1522 1877 1564; x_wconf 74' lang='lat' dir='ltr'><strong>suae</strong></span> 
     </span>
    </p>
   </div>
   <div class='ocr_carea' id='block_1_8' title="bbox 1016 1594 1877 1668">
    <p class='ocr_par' dir='ltr' id='par_1_9' title="bbox 1016 1594 1877 1668">
     <span class='ocr_line' id='line_1_27' title="bbox 1016 1594 1877 1668; baseline -0.003 -13"><span class='ocrx_word' id='word_1_239' title='bbox 1016 1642 1023 1655; x_wconf 96' lang='lat'><strong>.</strong></span> <span class='ocrx_word' id='word_1_240' title='bbox 1075 1594 1166 1652; x_wconf 82' lang='lat' dir='ltr'><strong>radios</strong></span> <span class='ocrx_word' id='word_1_241' title='bbox 1179 1596 1283 1652; x_wconf 83' lang='lat' dir='ltr'><strong>crtrtet&#39;ts</strong></span> <span class='ocrx_word' id='word_1_242' title='bbox 1296 1596 1444 1652; x_wconf 80' lang='lat' dir='ltr'><strong>liberaliter</strong></span> <span class='ocrx_word' id='word_1_243' title='bbox 1458 1597 1592 1668; x_wconf 74' lang='lat' dir='ltr'><strong>impertit,</strong></span> <span class='ocrx_word' id='word_1_244' title='bbox 1605 1600 1645 1652; x_wconf 83' lang='lat' dir='ltr'><strong>sic</strong></span> <span class='ocrx_word' id='word_1_245' title='bbox 1655 1597 1734 1668; x_wconf 80' lang='lat' dir='ltr'><strong>plane</strong></span> <span class='ocrx_word' id='word_1_246' title='bbox 1744 1597 1877 1654; x_wconf 81' lang='lat' dir='ltr'><strong>Constan-</strong></span> 
     </span>
    </p>
   </div>
   <div class='ocr_carea' id='block_1_9' title="bbox 1078 1690 1876 1762">
    <p class='ocr_par' dir='ltr' id='par_1_10' title="bbox 1078 1690 1876 1762">
     <span class='ocr_line' id='line_1_28' title="bbox 1078 1690 1876 1762; baseline 0.004 -17"><span class='ocrx_word' id='word_1_247' title='bbox 1078 1692 1150 1746; x_wconf 90' lang='lat' dir='ltr'><strong>tinus</strong></span> <span class='ocrx_word' id='word_1_248' title='bbox 1173 1691 1390 1761; x_wconf 88' lang='lat' dir='ltr'><strong>primodiluculo</strong></span> <span class='ocrx_word' id='word_1_249' title='bbox 1414 1690 1564 1762; x_wconf 86' lang='lat' dir='ltr'><strong>procedens</strong></span> <span class='ocrx_word' id='word_1_250' title='bbox 1578 1707 1611 1748; x_wconf 85' lang='lat' dir='ltr'><strong>er</strong></span> <span class='ocrx_word' id='word_1_251' title='bbox 1626 1691 1736 1759; x_wconf 89' lang='lat' dir='ltr'><strong>palatio,</strong></span> <span class='ocrx_word' id='word_1_252' title='bbox 1759 1707 1790 1746; x_wconf 88' lang='lat' dir='ltr'><strong>ac</strong></span> <span class='ocrx_word' id='word_1_253' title='bbox 1813 1707 1876 1748; x_wconf 84' lang='lat' dir='ltr'><strong>cunr</strong></span> 
     </span>
    </p>
   </div>
   <div class='ocr_carea' id='block_1_10' title="bbox 1015 1780 1877 1854">
    <p class='ocr_par' dir='ltr' id='par_1_11' title="bbox 1015 1780 1877 1854">
     <span class='ocr_line' id='line_1_29' title="bbox 1015 1780 1877 1854; baseline 0.008 -19"><span class='ocrx_word' id='word_1_254' title='bbox 1015 1780 1023 1805; x_wconf 89' lang='lat'>&#39;</span> <span class='ocrx_word' id='word_1_255' title='bbox 1039 1793 1062 1854; x_wconf 87' lang='lat' dir='ltr'>B</span> <span class='ocrx_word' id='word_1_256' title='bbox 1076 1782 1180 1836; x_wconf 79' lang='lat' dir='ltr'><strong>caelesti</strong></span> <span class='ocrx_word' id='word_1_257' title='bbox 1200 1782 1264 1836; x_wconf 92' lang='lat' dir='ltr'><strong>sotis</strong></span> <span class='ocrx_word' id='word_1_258' title='bbox 1276 1781 1371 1853; x_wconf 83' lang='lat' dir='ltr'><strong>jubare</strong></span> <span class='ocrx_word' id='word_1_259' title='bbox 1392 1782 1591 1853; x_wconf 84' lang='lat' dir='ltr'><strong>quodammodo</strong></span> <span class='ocrx_word' id='word_1_260' title='bbox 1608 1784 1745 1850; x_wconf 86' lang='lat' dir='ltr'><strong>exoriens,</strong></span> <span class='ocrx_word' id='word_1_261' title='bbox 1770 1786 1877 1842; x_wconf 80' lang='lat' dir='ltr'><strong>evinctis</strong></span> 
     </span>
    </p>
   </div>
   <div class='ocr_carea' id='block_1_11' title="bbox 1075 1874 1878 2228">
    <p class='ocr_par' dir='ltr' id='par_1_12' title="bbox 1075 1874 1878 2228">
     <span class='ocr_line' id='line_1_30' title="bbox 1076 1874 1878 1946; baseline 0.005 -17"><span class='ocrx_word' id='word_1_262' title='bbox 1076 1874 1237 1931; x_wconf 88' lang='lat' dir='ltr'><strong>adeuntibus</strong></span> <span class='ocrx_word' id='word_1_263' title='bbox 1251 1875 1437 1934; x_wconf 73' lang='lat' dir='ltr'><strong>tienetcemta</strong></span> <span class='ocrx_word' id='word_1_264' title='bbox 1450 1889 1507 1932; x_wconf 79' lang='lat' dir='ltr'><strong>arte</strong></span> <span class='ocrx_word' id='word_1_265' title='bbox 1521 1875 1612 1932; x_wconf 86' lang='lat' dir='ltr'><strong>radios</strong></span> <span class='ocrx_word' id='word_1_266' title='bbox 1625 1877 1803 1946; x_wconf 89' lang='lat' dir='ltr'><strong>impertiebat.</strong></span> <span class='ocrx_word' id='word_1_267' title='bbox 1821 1877 1878 1932; x_wconf 86' lang='lat' dir='ltr'><strong>Nee</strong></span> 
     </span>
     <span class='ocr_line' id='line_1_31' title="bbox 1076 1967 1872 2040; baseline 0.001 -18"><span class='ocrx_word' id='word_1_268' title='bbox 1076 1968 1146 2023; x_wconf 88' lang='lat' dir='ltr'><strong>ullus</strong></span> <span class='ocrx_word' id='word_1_269' title='bbox 1159 1983 1277 2039; x_wconf 89' lang='lat' dir='ltr'><strong>unquam</strong></span> <span class='ocrx_word' id='word_1_270' title='bbox 1291 1969 1324 2026; x_wconf 92' lang='lat' dir='ltr'><strong>ad</strong></span> <span class='ocrx_word' id='word_1_271' title='bbox 1338 1969 1412 2026; x_wconf 87' lang='lat' dir='ltr'><strong>illum</strong></span> <span class='ocrx_word' id='word_1_272' title='bbox 1428 1967 1537 2040; x_wconf 87' lang='lat' dir='ltr'><strong>propius</strong></span> <span class='ocrx_word' id='word_1_273' title='bbox 1550 1969 1673 2036; x_wconf 85' lang='lat' dir='ltr'><strong>accessit,</strong></span> <span class='ocrx_word' id='word_1_274' title='bbox 1691 1969 1736 2038; x_wconf 88' lang='lat' dir='ltr'><strong>qut</strong></span> <span class='ocrx_word' id='word_1_275' title='bbox 1758 1968 1872 2023; x_wconf 86' lang='lat' dir='ltr'><strong>trucium</strong></span> 
     </span>
     <span class='ocr_line' id='line_1_32' title="bbox 1075 2060 1872 2132; baseline 0.001 -18"><span class='ocrx_word' id='word_1_276' title='bbox 1075 2061 1188 2131; x_wconf 81' lang='lat' dir='ltr'><strong>nttcrrjus</strong></span> <span class='ocrx_word' id='word_1_277' title='bbox 1202 2060 1323 2117; x_wconf 87' lang='lat' dir='ltr'><strong>benetieii</strong></span> <span class='ocrx_word' id='word_1_278' title='bbox 1340 2077 1393 2116; x_wconf 88' lang='lat' dir='ltr'><strong>non</strong></span> <span class='ocrx_word' id='word_1_279' title='bbox 1409 2061 1530 2118; x_wconf 87' lang='lat' dir='ltr'><strong>retulerit</strong></span> <span class='ocrx_word' id='word_1_280' title='bbox 1547 2076 1618 2118; x_wconf 86' lang='lat' dir='ltr'><strong>:nce</strong></span> <span class='ocrx_word' id='word_1_281' title='bbox 1631 2076 1679 2132; x_wconf 86' lang='lat' dir='ltr'><strong>spe</strong></span> <span class='ocrx_word' id='word_1_282' title='bbox 1693 2076 1740 2116; x_wconf 84' lang='lat' dir='ltr'><strong>sua</strong></span> <span class='ocrx_word' id='word_1_283' title='bbox 1755 2077 1872 2132; x_wconf 87' lang='lat' dir='ltr'><strong>vrtquraru</strong></span> 
     </span>
     <span class='ocr_line' id='line_1_33' title="bbox 1075 2153 1876 2228; baseline 0.004 -19"><span class='ocrx_word' id='word_1_284' title='bbox 1075 2155 1195 2211; x_wconf 86' lang='lat' dir='ltr'><strong>irrrstrati</strong></span> <span class='ocrx_word' id='word_1_285' title='bbox 1216 2164 1288 2224; x_wconf 91' lang='lat' dir='ltr'><strong>sunt,</strong></span> <span class='ocrx_word' id='word_1_286' title='bbox 1304 2157 1348 2228; x_wconf 88' lang='lat' dir='ltr'><strong>qui</strong></span> <span class='ocrx_word' id='word_1_287' title='bbox 1364 2156 1398 2212; x_wconf 91' lang='lat' dir='ltr'><strong>ab</strong></span> <span class='ocrx_word' id='word_1_288' title='bbox 1420 2156 1479 2227; x_wconf 90' lang='lat' dir='ltr'><strong>ipso</strong></span> <span class='ocrx_word' id='word_1_289' title='bbox 1493 2153 1592 2228; x_wconf 89' lang='lat' dir='ltr'><strong>aliquid</strong></span> <span class='ocrx_word' id='word_1_290' title='bbox 1609 2155 1699 2209; x_wconf 83' lang='lat' dir='ltr'><strong>auxilii</strong></span> <span class='ocrx_word' id='word_1_291' title='bbox 1721 2165 1876 2226; x_wconf 77' lang='lat' dir='ltr'><strong>exspectas·</strong></span> 
     </span>
    </p>
   </div>
   <div class='ocr_carea' id='block_1_12' title="bbox 1168 2343 1785 2536">
    <p class='ocr_par' dir='ltr' id='par_1_13' title="bbox 1168 2343 1785 2536">
     <span class='ocr_line' id='line_1_34' title="bbox 1364 2343 1588 2402; baseline -0.013 -2"><span class='ocrx_word' id='word_1_292' title='bbox 1364 2343 1478 2402; x_wconf 76' lang='lat' dir='ltr'>CAPUT</span> <span class='ocrx_word' id='word_1_293' title='bbox 1496 2343 1588 2400; x_wconf 78' lang='lat' dir='ltr'><strong>xliv.</strong></span> 
     </span>
     <span class='ocr_line' id='line_1_35' title="bbox 1168 2460 1785 2536; baseline 0.002 -18"><span class='ocrx_word' id='word_1_294' title='bbox 1168 2461 1302 2532; x_wconf 76' lang='lat' dir='ltr'><strong>Quomodu</strong></span> <span class='ocrx_word' id='word_1_295' title='bbox 1326 2461 1432 2536; x_wconf 79' lang='lat' dir='ltr'><strong>aqnadt&#39;s</strong></span> <span class='ocrx_word' id='word_1_296' title='bbox 1454 2461 1632 2534; x_wconf 79' lang='lat' dir='ltr'><strong>episcopcrum</strong></span> <span class='ocrx_word' id='word_1_297' title='bbox 1658 2460 1785 2532; x_wconf 71' lang='lat' dir='ltr'><strong>interfuit.</strong></span> 
     </span>
    </p>
   </div>
   <div class='ocr_carea' id='block_1_13' title="bbox 226 2568 1877 3208">
    <p class='ocr_par' dir='ltr' id='par_1_14' title="bbox 226 2568 1877 3208">
     <span class='ocr_line' id='line_1_36' title="bbox 226 2568 1876 2648; baseline -0.002 -22"><span class='ocrx_word' id='word_1_298' title='bbox 226 2570 359 2643; x_wconf 92' lang='lat' dir='ltr'><strong>quoddam</strong></span> <span class='ocrx_word' id='word_1_299' title='bbox 371 2572 482 2638; x_wconf 87' lang='lat' dir='ltr'><strong>bonum,</strong></span> <span class='ocrx_word' id='word_1_300' title='bbox 497 2571 543 2628; x_wconf 87' lang='lat' dir='ltr'><strong>liei</strong></span> <span class='ocrx_word' id='word_1_301' title='bbox 557 2570 723 2642; x_wconf 78' lang='lat' dir='ltr'><strong>bervignitate</strong></span> <span class='ocrx_word' id='word_1_302' title='bbox 735 2571 852 2626; x_wconf 92' lang='lat' dir='ltr'><strong>bumano</strong></span> <span class='ocrx_word' id='word_1_303' title='bbox 867 2570 960 2642; x_wconf 72' lang='lat' dir='ltr'><strong>geuueri</strong></span> <span class='ocrx_word' id='word_1_304' title='bbox 976 2568 1026 2626; x_wconf 86' lang='lat' dir='ltr'><strong>do-</strong></span> <span class='ocrx_word' id='word_1_305' title='bbox 1113 2578 1153 2634; x_wconf 72' lang='lat' dir='ltr'><strong>Ac</strong></span> <span class='ocrx_word' id='word_1_306' title='bbox 1166 2577 1331 2648; x_wconf 69' lang='lat' dir='ltr'><strong>generaliter</strong></span> <span class='ocrx_word' id='word_1_307' title='bbox 1349 2576 1458 2648; x_wconf 84' lang='lat' dir='ltr'><strong>quidem</strong></span> <span class='ocrx_word' id='word_1_308' title='bbox 1472 2591 1641 2648; x_wconf 74' lang='lat' dir='ltr'><strong>ergaomues</strong></span> <span class='ocrx_word' id='word_1_309' title='bbox 1653 2576 1733 2630; x_wconf 84' lang='lat' dir='ltr'><strong>tutem</strong></span> <span class='ocrx_word' id='word_1_310' title='bbox 1754 2590 1785 2632; x_wconf 85' lang='lat' dir='ltr'><strong>se</strong></span> <span class='ocrx_word' id='word_1_311' title='bbox 1806 2589 1876 2644; x_wconf 69' lang='lat' dir='ltr'><strong>prae·</strong></span> 
     </span>
     <span class='ocr_line' id='line_1_37' title="bbox 226 2663 1873 2740; baseline -0.001 -18"><span class='ocrx_word' id='word_1_312' title='bbox 226 2675 317 2722; x_wconf 87' lang='lat' dir='ltr'><strong>uatum</strong></span> <span class='ocrx_word' id='word_1_313' title='bbox 330 2665 461 2736; x_wconf 73' lang='lat' dir='ltr'><strong>illuxisse,</strong></span> <span class='ocrx_word' id='word_1_314' title='bbox 475 2681 530 2722; x_wconf 87' lang='lat' dir='ltr'><strong>uuo</strong></span> <span class='ocrx_word' id='word_1_315' title='bbox 543 2679 591 2721; x_wconf 82' lang='lat' dir='ltr'><strong>ore</strong></span> <span class='ocrx_word' id='word_1_316' title='bbox 602 2675 693 2738; x_wconf 80' lang='lat' dir='ltr'><strong>alque,</strong></span> <span class='ocrx_word' id='word_1_317' title='bbox 704 2679 759 2724; x_wconf 87' lang='lat' dir='ltr'><strong>uua</strong></span> <span class='ocrx_word' id='word_1_318' title='bbox 770 2679 835 2720; x_wconf 75' lang='lat' dir='ltr'><strong>loce</strong></span> <span class='ocrx_word' id='word_1_319' title='bbox 847 2663 1025 2720; x_wconf 76' lang='lat' dir='ltr'><strong>testabantur·</strong></span> <span class='ocrx_word' id='word_1_320' title='bbox 1077 2671 1155 2728; x_wconf 76' lang='lat' dir='ltr'><strong>stitit,</strong></span> <span class='ocrx_word' id='word_1_321' title='bbox 1169 2669 1270 2728; x_wconf 72' lang='lat' dir='ltr'><strong>Verum</strong></span> <span class='ocrx_word' id='word_1_322' title='bbox 1286 2669 1414 2726; x_wconf 70' lang='lat' dir='ltr'><strong>Ecclesiae</strong></span> <span class='ocrx_word' id='word_1_323' title='bbox 1429 2669 1475 2726; x_wconf 79' lang='lat' dir='ltr'><strong>Dei</strong></span> <span class='ocrx_word' id='word_1_324' title='bbox 1498 2669 1633 2740; x_wconf 76' lang='lat' dir='ltr'><strong>praecipue</strong></span> <span class='ocrx_word' id='word_1_325' title='bbox 1652 2683 1746 2724; x_wconf 77' lang='lat' dir='ltr'><strong>miram</strong></span> <span class='ocrx_word' id='word_1_326' title='bbox 1764 2682 1873 2738; x_wconf 74' lang='lat' dir='ltr'><strong>gerens,</strong></span> 
     </span>
     <span class='ocr_line' id='line_1_38' title="bbox 227 2758 1876 2835; baseline -0.001 -18"><span class='ocrx_word' id='word_1_327' title='bbox 227 2761 282 2822; x_wconf 86' lang='lat' dir='ltr'><strong>Sed</strong></span> <span class='ocrx_word' id='word_1_328' title='bbox 294 2771 322 2820; x_wconf 88' lang='lat' dir='ltr'><strong>et</strong></span> <span class='ocrx_word' id='word_1_329' title='bbox 333 2764 507 2832; x_wconf 85' lang='lat' dir='ltr'><strong>imperatoris</strong></span> <span class='ocrx_word' id='word_1_330' title='bbox 528 2762 612 2820; x_wconf 82' lang='lat' dir='ltr'><strong>literae</strong></span> <span class='ocrx_word' id='word_1_331' title='bbox 627 2762 726 2832; x_wconf 89' lang='lat' dir='ltr'><strong>ubique</strong></span> <span class='ocrx_word' id='word_1_332' title='bbox 739 2759 885 2834; x_wconf 88' lang='lat' dir='ltr'><strong>propositae</strong></span> <span class='ocrx_word' id='word_1_333' title='bbox 896 2758 1026 2830; x_wconf 79' lang='lat' dir='ltr'><strong>teqebaa·</strong></span> <span class='ocrx_word' id='word_1_334' title='bbox 1076 2779 1139 2822; x_wconf 84' lang='lat' dir='ltr'><strong>cum</strong></span> <span class='ocrx_word' id='word_1_335' title='bbox 1154 2777 1202 2835; x_wconf 90' lang='lat' dir='ltr'><strong>per</strong></span> <span class='ocrx_word' id='word_1_336' title='bbox 1215 2763 1340 2819; x_wconf 89' lang='lat' dir='ltr'><strong>diversas</strong></span> <span class='ocrx_word' id='word_1_337' title='bbox 1354 2764 1507 2835; x_wconf 83' lang='lat' dir='ltr'><strong>provincias</strong></span> <span class='ocrx_word' id='word_1_338' title='bbox 1518 2764 1627 2834; x_wconf 86' lang='lat' dir='ltr'><strong>quidam</strong></span> <span class='ocrx_word' id='word_1_339' title='bbox 1647 2763 1718 2818; x_wconf 91' lang='lat' dir='ltr'><strong>inter</strong></span> <span class='ocrx_word' id='word_1_340' title='bbox 1731 2779 1760 2816; x_wconf 87' lang='lat' dir='ltr'><strong>se</strong></span> <span class='ocrx_word' id='word_1_341' title='bbox 1771 2761 1876 2817; x_wconf 85' lang='lat' dir='ltr'><strong>disseri·</strong></span> 
     </span>
     <span class='ocr_line' id='line_1_39' title="bbox 227 2849 1875 2928; baseline -0.001 -16"><span class='ocrx_word' id='word_1_342' title='bbox 227 2865 289 2912; x_wconf 92' lang='lat' dir='ltr'><strong>tur:</strong></span> <span class='ocrx_word' id='word_1_343' title='bbox 306 2855 403 2928; x_wconf 84' lang='lat' dir='ltr'><strong>quibus</strong></span> <span class='ocrx_word' id='word_1_344' title='bbox 415 2855 433 2910; x_wconf 91' lang='lat' dir='ltr'><strong>ii</strong></span> <span class='ocrx_word' id='word_1_345' title='bbox 447 2856 492 2925; x_wconf 92' lang='lat' dir='ltr'><strong>qui</strong></span> <span class='ocrx_word' id='word_1_346' title='bbox 509 2854 586 2910; x_wconf 89' lang='lat' dir='ltr'><strong>bouis</strong></span> <span class='ocrx_word' id='word_1_347' title='bbox 599 2853 655 2910; x_wconf 86' lang='lat' dir='ltr'><strong>suis</strong></span> <span class='ocrx_word' id='word_1_348' title='bbox 666 2851 774 2926; x_wconf 89' lang='lat' dir='ltr'><strong>spoliati</strong></span> <span class='ocrx_word' id='word_1_349' title='bbox 793 2849 916 2914; x_wconf 76' lang='lat' dir='ltr'><strong>tuissent.</strong></span> <span class='ocrx_word' id='word_1_350' title='bbox 930 2863 1026 2908; x_wconf 78' lang='lat' dir='ltr'><strong>eurum</strong></span> <span class='ocrx_word' id='word_1_351' title='bbox 1079 2858 1168 2925; x_wconf 83' lang='lat' dir='ltr'><strong>tirent,</strong></span> <span class='ocrx_word' id='word_1_352' title='bbox 1185 2857 1322 2927; x_wconf 86' lang='lat' dir='ltr'><strong>ipsevclm</strong></span> <span class='ocrx_word' id='word_1_353' title='bbox 1336 2857 1486 2912; x_wconf 84' lang='lat' dir='ltr'><strong>eommunis</strong></span> <span class='ocrx_word' id='word_1_354' title='bbox 1496 2855 1617 2912; x_wconf 89' lang='lat' dir='ltr'><strong>omnium</strong></span> <span class='ocrx_word' id='word_1_355' title='bbox 1631 2854 1801 2924; x_wconf 87' lang='lat' dir='ltr'><strong>episcopusa</strong></span> <span class='ocrx_word' id='word_1_356' title='bbox 1819 2853 1875 2907; x_wconf 86' lang='lat' dir='ltr'><strong>lieo</strong></span> 
     </span>
     <span class='ocr_line' id='line_1_40' title="bbox 227 2942 1874 3018; baseline -0.004 -10"><span class='ocrx_word' id='word_1_357' title='bbox 227 2947 426 3018; x_wconf 70' lang='lat' dir='ltr'><strong>possessionem</strong></span> <span class='ocrx_word' id='word_1_358' title='bbox 452 2944 586 3004; x_wconf 69' lang='lat' dir='ltr'><strong>beneficio</strong></span> <span class='ocrx_word' id='word_1_359' title='bbox 613 2944 741 3016; x_wconf 85' lang='lat' dir='ltr'><strong>principis</strong></span> <span class='ocrx_word' id='word_1_360' title='bbox 763 2942 978 3014; x_wconf 62' lang='lat' dir='ltr'><strong>letullssffibatii,</strong></span> <span class='ocrx_word' id='word_1_361' title='bbox 1000 2948 1028 3003; x_wconf 65' lang='lat' dir='ltr'><strong>ii</strong></span> <span class='ocrx_word' id='word_1_362' title='bbox 1077 2951 1255 3016; x_wconf 77' lang='lat' dir='ltr'><strong>corastinum,</strong></span> <span class='ocrx_word' id='word_1_363' title='bbox 1280 2951 1465 3006; x_wconf 89' lang='lat' dir='ltr'><strong>ministrorum</strong></span> <span class='ocrx_word' id='word_1_364' title='bbox 1488 2949 1536 3004; x_wconf 86' lang='lat' dir='ltr'><strong>Dei</strong></span> <span class='ocrx_word' id='word_1_365' title='bbox 1558 2947 1671 3004; x_wconf 88' lang='lat' dir='ltr'><strong>concilia</strong></span> <span class='ocrx_word' id='word_1_366' title='bbox 1693 2948 1874 3018; x_wconf 77' lang='lat' dir='ltr'><strong>congregavit.</strong></span> 
     </span>
     <span class='ocr_line' id='line_1_41' title="bbox 227 3035 1877 3114; baseline -0.001 -17"><span class='ocrx_word' id='word_1_367' title='bbox 227 3043 273 3114; x_wconf 88' lang='lat' dir='ltr'><strong>qni</strong></span> <span class='ocrx_word' id='word_1_368' title='bbox 285 3042 386 3114; x_wconf 71' lang='lat' dir='ltr'><strong>iniuste</strong></span> <span class='ocrx_word' id='word_1_369' title='bbox 395 3041 506 3114; x_wconf 73' lang='lat' dir='ltr'><strong>relegati</strong></span> <span class='ocrx_word' id='word_1_370' title='bbox 517 3046 619 3104; x_wconf 86' lang='lat' dir='ltr'><strong>essent,</strong></span> <span class='ocrx_word' id='word_1_371' title='bbox 630 3037 772 3110; x_wconf 87' lang='lat' dir='ltr'><strong>penatibus</strong></span> <span class='ocrx_word' id='word_1_372' title='bbox 781 3037 837 3104; x_wconf 73' lang='lat' dir='ltr'><strong>stt&#39;ts</strong></span> <span class='ocrx_word' id='word_1_373' title='bbox 847 3035 1027 3100; x_wconf 62' lang='lat' dir='ltr'><strong>restituem-</strong></span> <span class='ocrx_word' id='word_1_374' title='bbox 1078 3043 1133 3100; x_wconf 85' lang='lat' dir='ltr'><strong>tlee</strong></span> <span class='ocrx_word' id='word_1_375' title='bbox 1146 3041 1305 3113; x_wconf 75' lang='lat' dir='ltr'><strong>dedignatus</strong></span> <span class='ocrx_word' id='word_1_376' title='bbox 1318 3042 1413 3098; x_wconf 84' lang='lat' dir='ltr'><strong>adesse</strong></span> <span class='ocrx_word' id='word_1_377' title='bbox 1426 3051 1453 3099; x_wconf 89' lang='lat' dir='ltr'><strong>et</strong></span> <span class='ocrx_word' id='word_1_378' title='bbox 1466 3039 1608 3096; x_wconf 82' lang='lat' dir='ltr'><strong>cortsidere</strong></span> <span class='ocrx_word' id='word_1_379' title='bbox 1619 3040 1645 3094; x_wconf 93' lang='lat' dir='ltr'><strong>in</strong></span> <span class='ocrx_word' id='word_1_380' title='bbox 1662 3039 1751 3096; x_wconf 88' lang='lat' dir='ltr'><strong>medio</strong></span> <span class='ocrx_word' id='word_1_381' title='bbox 1770 3040 1877 3094; x_wconf 87' lang='lat' dir='ltr'><strong>illorum</strong></span> 
     </span>
     <span class='ocr_line' id='line_1_42' title="bbox 229 3126 1877 3208; baseline -0.007 -8"><span class='ocrx_word' id='word_1_382' title='bbox 229 3145 281 3192; x_wconf 79' lang='lat' dir='ltr'><strong>illi·</strong></span> <span class='ocrx_word' id='word_1_383' title='bbox 298 3134 415 3191; x_wconf 57' lang='lat' dir='ltr'><strong>Vindilis</strong></span> <span class='ocrx_word' id='word_1_384' title='bbox 426 3140 571 3204; x_wconf 81' lang='lat' dir='ltr'><strong>quoquest</strong></span> <span class='ocrx_word' id='word_1_385' title='bbox 583 3131 655 3186; x_wconf 65' lang='lat' dir='ltr'><strong>0⁰¹¹¹i</strong></span> <span class='ocrx_word' id='word_1_386' title='bbox 669 3129 787 3204; x_wconf 56' lang='lat' dir='ltr'><strong>bilicum</strong></span> <span class='ocrx_word' id='word_1_387' title='bbox 800 3143 831 3186; x_wconf 68' lang='lat'><strong>²¹⁶</strong></span> <span class='ocrx_word' id='word_1_388' title='bbox 842 3141 916 3186; x_wconf 82' lang='lat' dir='ltr'><strong>areta</strong></span> <span class='ocrx_word' id='word_1_389' title='bbox 929 3126 1027 3186; x_wconf 88' lang='lat' dir='ltr'><strong>libera·</strong></span> <span class='ocrx_word' id='word_1_390' title='bbox 1078 3146 1223 3201; x_wconf 89' lang='lat' dir='ltr'><strong>convomu,</strong></span> <span class='ocrx_word' id='word_1_391' title='bbox 1234 3136 1394 3208; x_wconf 74' lang='lat' dir='ltr'><strong>cognitionis</strong></span> <span class='ocrx_word' id='word_1_392' title='bbox 1405 3136 1538 3206; x_wconf 84' lang='lat' dir='ltr'><strong>particeps</strong></span> <span class='ocrx_word' id='word_1_393' title='bbox 1552 3134 1615 3200; x_wconf 76' lang='lat' dir='ltr'><strong>tulit;</strong></span> <span class='ocrx_word' id='word_1_394' title='bbox 1628 3149 1659 3188; x_wconf 84' lang='lat' dir='ltr'><strong>ea</strong></span> <span class='ocrx_word' id='word_1_395' title='bbox 1670 3150 1730 3204; x_wconf 77' lang='lat' dir='ltr'><strong>quae</strong></span> <span class='ocrx_word' id='word_1_396' title='bbox 1739 3133 1771 3188; x_wconf 89' lang='lat' dir='ltr'><strong>ad</strong></span> <span class='ocrx_word' id='word_1_397' title='bbox 1785 3149 1877 3203; x_wconf 85' lang='lat' dir='ltr'><strong>pacem</strong></span> 
     </span>
    </p>
   </div>
   <div class='ocr_carea' id='block_1_14' title="bbox 227 3217 1878 3300">
    <p class='ocr_par' dir='ltr' id='par_1_15' title="bbox 227 3217 1878 3300">
     <span class='ocr_line' id='line_1_43' title="bbox 227 3217 1878 3300; baseline -0.01 -13"><span class='ocrx_word' id='word_1_398' title='bbox 227 3230 327 3287; x_wconf 90' lang='lat' dir='ltr'><strong>bantur</strong></span> <span class='ocrx_word' id='word_1_399' title='bbox 342 3229 358 3284; x_wconf 94' lang='lat' dir='ltr'><strong>ii</strong></span> <span class='ocrx_word' id='word_1_400' title='bbox 369 3270 377 3296; x_wconf 93' lang='lat'><strong>,</strong></span> <span class='ocrx_word' id='word_1_401' title='bbox 389 3228 433 3299; x_wconf 93' lang='lat' dir='ltr'><strong>qui</strong></span> <span class='ocrx_word' id='word_1_402' title='bbox 444 3242 493 3298; x_wconf 90' lang='lat' dir='ltr'><strong>per</strong></span> <span class='ocrx_word' id='word_1_403' title='bbox 505 3226 672 3300; x_wconf 79' lang='lat' dir='ltr'><strong>tyrannicam</strong></span> <span class='ocrx_word' id='word_1_404' title='bbox 688 3221 874 3278; x_wconf 89' lang='lat' dir='ltr'><strong>crudelitatem</strong></span> <span class='ocrx_word' id='word_1_405' title='bbox 894 3217 1027 3274; x_wconf 83' lang='lat' dir='ltr'><strong>iisvexati</strong></span> <span class='ocrx_word' id='word_1_406' title='bbox 1082 3229 1129 3285; x_wconf 55' lang='lat' dir='ltr'><strong>per</strong></span> <span class='ocrx_word' id='word_1_407' title='bbox 1152 3229 1300 3299; x_wconf 54' lang='lat' dir='ltr'><strong>periment,</strong></span> <span class='ocrx_word' id='word_1_408' title='bbox 1317 3231 1422 3286; x_wconf 64' lang='lat' dir='ltr'><strong>cuncus</strong></span> <span class='ocrx_word' id='word_1_409' title='bbox 1435 3242 1595 3299; x_wconf 51' lang='lat' dir='ltr'><strong>procursu„</strong></span> <span class='ocrx_word' id='word_1_410' title='bbox 1613 3228 1697 3282; x_wconf 60' lang='lat' dir='ltr'><strong>puppo</strong></span> <span class='ocrx_word' id='word_1_411' title='bbox 1717 3227 1830 3282; x_wconf 59' lang='lat' dir='ltr'><strong>salensi</strong></span> <span class='ocrx_word' id='word_1_412' title='bbox 1852 3228 1878 3281; x_wconf 65' lang='lat' dir='ltr'><strong>a„</strong></span> 
     </span>
    </p>
   </div>
   <div class='ocr_carea' id='block_1_15' title="bbox 229 3318 1881 3951">
    <p class='ocr_par' dir='ltr' id='par_1_16' title="bbox 230 3318 1879 3572">
     <span class='ocr_line' id='line_1_44' title="bbox 230 3318 1879 3390; baseline -0.002 -12"><span class='ocrx_word' id='word_1_413' title='bbox 230 3322 353 3379; x_wconf 86' lang='lat' dir='ltr'><strong>tuissent.</strong></span> <span class='ocrx_word' id='word_1_414' title='bbox 1080 3320 1170 3376; x_wconf 86' lang='lat' dir='ltr'><strong>medio</strong></span> <span class='ocrx_word' id='word_1_415' title='bbox 1194 3329 1321 3390; x_wconf 81' lang='lat' dir='ltr'><strong>tnnqrtam</strong></span> <span class='ocrx_word' id='word_1_416' title='bbox 1335 3335 1433 3376; x_wconf 88' lang='lat' dir='ltr'><strong>rrrvuse</strong></span> <span class='ocrx_word' id='word_1_417' title='bbox 1450 3320 1557 3384; x_wconf 78' lang='lat' dir='ltr'><strong>urruttis3</strong></span> <span class='ocrx_word' id='word_1_418' title='bbox 1578 3327 1743 3389; x_wconf 83' lang='lat' dir='ltr'><strong>protectores</strong></span> <span class='ocrx_word' id='word_1_419' title='bbox 1769 3318 1879 3388; x_wconf 80' lang='lat' dir='ltr'><strong>quidem</strong></span> 
     </span>
     <span class='ocr_line' id='line_1_45' title="bbox 515 3389 1878 3494; baseline -0.004 -23"><span class='ocrx_word' id='word_1_420' title='bbox 515 3389 630 3450; x_wconf 59' lang='lat' dir='ltr'>CAPUT</span> <span class='ocrx_word' id='word_1_421' title='bbox 659 3389 740 3450; x_wconf 56' lang='lat' dir='ltr'><strong>stu·</strong></span> <span class='ocrx_word' id='word_1_422' title='bbox 930 3483 936 3494; x_wconf 40' lang='lat'><strong>·</strong></span> <span class='ocrx_word' id='word_1_423' title='bbox 1079 3421 1247 3486; x_wconf 88' lang='lat' dir='ltr'><strong>cunctosque</strong></span> <span class='ocrx_word' id='word_1_424' title='bbox 1267 3414 1390 3484; x_wconf 86' lang='lat' dir='ltr'><strong>corporis</strong></span> <span class='ocrx_word' id='word_1_425' title='bbox 1409 3414 1535 3470; x_wconf 68' lang='lat' dir='ltr'><strong>cristodes</strong></span> <span class='ocrx_word' id='word_1_426' title='bbox 1555 3412 1650 3483; x_wconf 89' lang='lat' dir='ltr'><strong>procul</strong></span> <span class='ocrx_word' id='word_1_427' title='bbox 1672 3425 1812 3476; x_wconf 79' lang='lat' dir='ltr'><strong>arboreus,</strong></span> <span class='ocrx_word' id='word_1_428' title='bbox 1829 3411 1878 3466; x_wconf 85' lang='lat' dir='ltr'><strong>liei</strong></span> 
     </span>
     <span class='ocr_line' id='line_1_46' title="bbox 248 3486 1879 3572; baseline -0.008 -1"><span class='ocrx_word' id='word_1_429' title='bbox 248 3489 367 3546; x_wconf 56' lang='grc' dir='ltr'><strong><em>ΗΜΘΝ*</em></strong></span> <span class='ocrx_word' id='word_1_430' title='bbox 380 3489 505 3562; x_wconf 57' lang='lat' dir='ltr'><strong>‘pmii‘</strong></span> <span class='ocrx_word' id='word_1_431' title='bbox 514 3487 604 3556; x_wconf 56' lang='lat' dir='ltr'><strong>‘mant</strong></span> <span class='ocrx_word' id='word_1_432' title='bbox 614 3495 638 3542; x_wconf 62' lang='grc' dir='ltr'><strong>θ’</strong></span> <span class='ocrx_word' id='word_1_433' title='bbox 652 3486 815 3550; x_wconf 49' lang='grc' dir='ltr'><strong>θαιθῦῗωἮω</strong></span> <span class='ocrx_word' id='word_1_434' title='bbox 827 3491 1009 3545; x_wconf 57' lang='lat' dir='ltr'><strong><em>‘mmm‘</em></strong></span> <span class='ocrx_word' id='word_1_435' title='bbox 1080 3519 1170 3567; x_wconf 81' lang='lat' dir='ltr'><strong>avolem</strong></span> <span class='ocrx_word' id='word_1_436' title='bbox 1186 3509 1282 3565; x_wconf 85' lang='lat' dir='ltr'><strong>liurure</strong></span> <span class='ocrx_word' id='word_1_437' title='bbox 1293 3517 1442 3572; x_wconf 85' lang='lat' dir='ltr'><strong>contectus,</strong></span> <span class='ocrx_word' id='word_1_438' title='bbox 1458 3520 1486 3563; x_wconf 89' lang='lat' dir='ltr'><strong>et</strong></span> <span class='ocrx_word' id='word_1_439' title='bbox 1500 3507 1647 3564; x_wconf 78' lang='lat' dir='ltr'><strong>rusticorum</strong></span> <span class='ocrx_word' id='word_1_440' title='bbox 1663 3504 1781 3561; x_wconf 85' lang='lat' dir='ltr'><strong>bdelium</strong></span> <span class='ocrx_word' id='word_1_441' title='bbox 1794 3505 1879 3560; x_wconf 81' lang='lat' dir='ltr'><strong>lieno·</strong></span> 
     </span>
    </p>

    <p class='ocr_par' dir='ltr' id='par_1_17' title="bbox 229 3598 1881 3951">
     <span class='ocr_line' id='line_1_47' title="bbox 265 3598 1881 3675; baseline -0.008 -11"><span class='ocrx_word' id='word_1_442' title='bbox 265 3605 351 3664; x_wconf 88' lang='lat' dir='ltr'><strong>Porro</strong></span> <span class='ocrx_word' id='word_1_443' title='bbox 361 3605 418 3675; x_wconf 82' lang='lat' dir='ltr'><strong>ipse</strong></span> <span class='ocrx_word' id='word_1_444' title='bbox 429 3600 723 3673; x_wconf 77' lang='lat' dir='ltr'><strong>insuperatormiuistros</strong></span> <span class='ocrx_word' id='word_1_445' title='bbox 734 3599 781 3658; x_wconf 86' lang='lat' dir='ltr'><strong>liei</strong></span> <span class='ocrx_word' id='word_1_446' title='bbox 793 3613 847 3656; x_wconf 83' lang='lat' dir='ltr'><strong>ase</strong></span> <span class='ocrx_word' id='word_1_447' title='bbox 855 3603 1029 3664; x_wconf 78' lang='lat' dir='ltr'><strong>mutuentur,</strong></span> <span class='ocrx_word' id='word_1_448' title='bbox 1080 3599 1197 3658; x_wconf 68' lang='lat' dir='ltr'><strong>cirtensia</strong></span> <span class='ocrx_word' id='word_1_449' title='bbox 1210 3600 1333 3656; x_wconf 88' lang='lat' dir='ltr'><strong>rattatus.</strong></span> <span class='ocrx_word' id='word_1_450' title='bbox 1348 3599 1482 3656; x_wconf 80' lang='lat' dir='ltr'><strong>Ceterum</strong></span> <span class='ocrx_word' id='word_1_451' title='bbox 1497 3613 1682 3670; x_wconf 90' lang='lat' dir='ltr'><strong>quoscumque</strong></span> <span class='ocrx_word' id='word_1_452' title='bbox 1694 3598 1793 3652; x_wconf 87' lang='lat' dir='ltr'><strong>saniori</strong></span> <span class='ocrx_word' id='word_1_453' title='bbox 1815 3611 1881 3652; x_wconf 87' lang='lat' dir='ltr'><strong>seu·</strong></span> 
     </span>
     <span class='ocr_line' id='line_1_48' title="bbox 229 3689 1881 3769; baseline -0.007 -13"><span class='ocrx_word' id='word_1_454' title='bbox 229 3698 303 3756; x_wconf 92' lang='lat' dir='ltr'><strong>omni</strong></span> <span class='ocrx_word' id='word_1_455' title='bbox 316 3697 447 3769; x_wconf 86' lang='lat' dir='ltr'><strong>obsequio</strong></span> <span class='ocrx_word' id='word_1_456' title='bbox 461 3706 541 3766; x_wconf 90' lang='lat' dir='ltr'><strong>atque</strong></span> <span class='ocrx_word' id='word_1_457' title='bbox 555 3695 659 3754; x_wconf 86' lang='lat' dir='ltr'><strong>bonore</strong></span> <span class='ocrx_word' id='word_1_458' title='bbox 682 3693 911 3766; x_wconf 72' lang='lat' dir='ltr'><strong>prosequentium</strong></span> <span class='ocrx_word' id='word_1_459' title='bbox 928 3700 1031 3749; x_wconf 76' lang='lat' dir='ltr'><strong>sostri-</strong></span> <span class='ocrx_word' id='word_1_460' title='bbox 1082 3696 1173 3752; x_wconf 79' lang='lat' dir='ltr'><strong>teutiar</strong></span> <span class='ocrx_word' id='word_1_461' title='bbox 1196 3695 1380 3763; x_wconf 84' lang='lat' dir='ltr'><strong>aerpviescere,</strong></span> <span class='ocrx_word' id='word_1_462' title='bbox 1404 3693 1488 3750; x_wconf 91' lang='lat' dir='ltr'><strong>etad</strong></span> <span class='ocrx_word' id='word_1_463' title='bbox 1511 3694 1629 3764; x_wconf 89' lang='lat' dir='ltr'><strong>quietem</strong></span> <span class='ocrx_word' id='word_1_464' title='bbox 1656 3700 1683 3748; x_wconf 91' lang='lat' dir='ltr'><strong>et</strong></span> <span class='ocrx_word' id='word_1_465' title='bbox 1706 3689 1881 3746; x_wconf 87' lang='lat' dir='ltr'><strong>concordiam</strong></span> 
     </span>
     <span class='ocr_line' id='line_1_49' title="bbox 231 3783 1881 3865; baseline -0.005 -17"><span class='ocrx_word' id='word_1_466' title='bbox 231 3800 294 3865; x_wconf 90' lang='lat' dir='ltr'><strong>pote</strong></span> <span class='ocrx_word' id='word_1_467' title='bbox 306 3791 756 3862; x_wconf 82' lang='lat' dir='ltr'><strong>beoquemooiebatoonsccratus,</strong></span> <span class='ocrx_word' id='word_1_468' title='bbox 771 3783 1028 3850; x_wconf 73' lang='lat' dir='ltr'><strong>iruuuubtsnodo.</strong></span> <span class='ocrx_word' id='word_1_469' title='bbox 1081 3803 1231 3860; x_wconf 77' lang='lat' dir='ltr'><strong>propensos</strong></span> <span class='ocrx_word' id='word_1_470' title='bbox 1244 3803 1305 3844; x_wconf 85' lang='lat' dir='ltr'><strong>esse</strong></span> <span class='ocrx_word' id='word_1_471' title='bbox 1326 3789 1566 3854; x_wconf 83' lang='lat' dir='ltr'><strong>anituurlvertcrat,</strong></span> <span class='ocrx_word' id='word_1_472' title='bbox 1585 3785 1760 3842; x_wconf 85' lang='lat' dir='ltr'><strong>eosmavirne</strong></span> <span class='ocrx_word' id='word_1_473' title='bbox 1780 3785 1881 3855; x_wconf 81' lang='lat' dir='ltr'><strong>prolua-</strong></span> 
     </span>
     <span class='ocr_line' id='line_1_50' title="bbox 230 3877 1880 3951; baseline -0.007 -9"><span class='ocrx_word' id='word_1_474' title='bbox 230 3901 323 3944; x_wconf 85' lang='lat' dir='ltr'><strong>rerum</strong></span> <span class='ocrx_word' id='word_1_475' title='bbox 349 3885 429 3942; x_wconf 82' lang='lat' dir='ltr'><strong>ctiam</strong></span> <span class='ocrx_word' id='word_1_476' title='bbox 455 3883 532 3944; x_wconf 83' lang='lat' dir='ltr'><strong>iactis</strong></span> <span class='ocrx_word' id='word_1_477' title='bbox 561 3881 717 3941; x_wconf 85' lang='lat' dir='ltr'><strong>buntaniter</strong></span> <span class='ocrx_word' id='word_1_478' title='bbox 742 3879 889 3950; x_wconf 78' lang='lat' dir='ltr'><strong>arripient.</strong></span> <span class='ocrx_word' id='word_1_479' title='bbox 914 3877 1031 3937; x_wconf 85' lang='lat' dir='ltr'><strong>Proinde</strong></span> <span class='ocrx_word' id='word_1_480' title='bbox 1082 3882 1140 3945; x_wconf 73' lang='lat' dir='ltr'><strong>bat,</strong></span> <span class='ocrx_word' id='word_1_481' title='bbox 1155 3881 1241 3951; x_wconf 92' lang='lat' dir='ltr'><strong>palam</strong></span> <span class='ocrx_word' id='word_1_482' title='bbox 1254 3880 1375 3937; x_wconf 87' lang='lat' dir='ltr'><strong>iudicans</strong></span> <span class='ocrx_word' id='word_1_483' title='bbox 1386 3881 1503 3935; x_wconf 78' lang='lat' dir='ltr'><strong>eruanimi</strong></span> <span class='ocrx_word' id='word_1_484' title='bbox 1514 3880 1633 3933; x_wconf 82' lang='lat' dir='ltr'><strong>eutitium</strong></span> <span class='ocrx_word' id='word_1_485' title='bbox 1648 3893 1782 3934; x_wconf 78' lang='lat' dir='ltr'><strong>consensu</strong></span> <span class='ocrx_word' id='word_1_486' title='bbox 1798 3892 1828 3932; x_wconf 90' lang='lat' dir='ltr'><strong>se</strong></span> <span class='ocrx_word' id='word_1_487' title='bbox 1853 3877 1880 3932; x_wconf 94' lang='lat' dir='ltr'><strong>iu</strong></span> 
     </span>
    </p>
   </div>
   <div class='ocr_carea' id='block_1_16' title="bbox 231 3969 1882 4052">
    <p class='ocr_par' dir='ltr' id='par_1_18' title="bbox 231 3969 1882 4052">
     <span class='ocr_line' id='line_1_51' title="bbox 231 3969 1882 4052; baseline -0.009 -14"><span class='ocrx_word' id='word_1_488' title='bbox 231 3995 332 4038; x_wconf 77' lang='lat' dir='ltr'><strong>rnensa</strong></span> <span class='ocrx_word' id='word_1_489' title='bbox 344 3980 429 4052; x_wconf 88' lang='lat' dir='ltr'><strong>ipsius</strong></span> <span class='ocrx_word' id='word_1_490' title='bbox 442 3978 638 4034; x_wconf 87' lang='lat' dir='ltr'><strong>adbibebsntur</strong></span> <span class='ocrx_word' id='word_1_491' title='bbox 651 3973 908 4042; x_wconf 68' lang='lat' dir='ltr'><strong>tenuissimumque</strong></span> <span class='ocrx_word' id='word_1_492' title='bbox 922 3971 1030 4043; x_wconf 77' lang='lat' dir='ltr'><strong>quidem</strong></span> <span class='ocrx_word' id='word_1_493' title='bbox 1082 3977 1176 4046; x_wconf 90' lang='lat' dir='ltr'><strong>primis</strong></span> <span class='ocrx_word' id='word_1_494' title='bbox 1201 3974 1340 4031; x_wconf 87' lang='lat' dir='ltr'><strong>delectari.</strong></span> <span class='ocrx_word' id='word_1_495' title='bbox 1366 3973 1522 4034; x_wconf 83' lang='lat' dir='ltr'><strong>Pertinaccs</strong></span> <span class='ocrx_word' id='word_1_496' title='bbox 1547 3987 1615 4030; x_wconf 79' lang='lat' dir='ltr'><strong>uero</strong></span> <span class='ocrx_word' id='word_1_497' title='bbox 1640 3981 1668 4028; x_wconf 91' lang='lat' dir='ltr'><strong>et</strong></span> <span class='ocrx_word' id='word_1_498' title='bbox 1691 3969 1882 4042; x_wconf 81' lang='lat' dir='ltr'><strong>immorigeros</strong></span> 
     </span>
    </p>
   </div>
   <div class='ocr_carea' id='block_1_17' title="bbox 231 4064 1266 4979">
    <p class='ocr_par' dir='ltr' id='par_1_19' title="bbox 231 4064 1266 4979">
     <span class='ocr_line' id='line_1_52' title="bbox 232 4064 1266 4142; baseline -0.006 -12"><span class='ocrx_word' id='word_1_499' title='bbox 232 4075 324 4134; x_wconf 73' lang='lat' dir='ltr'><strong>tralatu</strong></span> <span class='ocrx_word' id='word_1_500' title='bbox 337 4088 369 4130; x_wconf 85' lang='lat' dir='ltr'><strong>aa</strong></span> <span class='ocrx_word' id='word_1_501' title='bbox 383 4073 479 4132; x_wconf 83' lang='lat' dir='ltr'><strong>vestitu</strong></span> <span class='ocrx_word' id='word_1_502' title='bbox 492 4069 681 4142; x_wconf 84' lang='lat' dir='ltr'><strong>despicabiles,</strong></span> <span class='ocrx_word' id='word_1_503' title='bbox 708 4067 756 4126; x_wconf 87' lang='lat' dir='ltr'><strong>scd</strong></span> <span class='ocrx_word' id='word_1_504' title='bbox 769 4081 838 4140; x_wconf 86' lang='lat' dir='ltr'><strong>quos</strong></span> <span class='ocrx_word' id='word_1_505' title='bbox 854 4065 898 4124; x_wconf 86' lang='lat' dir='ltr'><strong>ille</strong></span> <span class='ocrx_word' id='word_1_506' title='bbox 920 4064 1032 4124; x_wconf 83' lang='lat' dir='ltr'><strong>trtirrivue</strong></span> <span class='ocrx_word' id='word_1_507' title='bbox 1081 4070 1266 4126; x_wconf 81' lang='lat' dir='ltr'><strong>aversabatur.</strong></span> 
     </span>
     <span class='ocr_line' id='line_1_53' title="bbox 231 4159 1032 4237; baseline -0.011 -13"><span class='ocrx_word' id='word_1_508' title='bbox 231 4166 411 4237; x_wconf 84' lang='lat' dir='ltr'><strong>despicabiles</strong></span> <span class='ocrx_word' id='word_1_509' title='bbox 424 4165 578 4237; x_wconf 81' lang='lat' dir='ltr'><strong>jardicabat:</strong></span> <span class='ocrx_word' id='word_1_510' title='bbox 591 4167 690 4237; x_wconf 89' lang='lat' dir='ltr'><strong>quippe</strong></span> <span class='ocrx_word' id='word_1_511' title='bbox 701 4162 746 4233; x_wconf 90' lang='lat' dir='ltr'><strong>qui</strong></span> <span class='ocrx_word' id='word_1_512' title='bbox 762 4177 814 4220; x_wconf 90' lang='lat' dir='ltr'><strong>nou</strong></span> <span class='ocrx_word' id='word_1_513' title='bbox 830 4167 969 4218; x_wconf 80' lang='lat' dir='ltr'><strong>estermut</strong></span> <span class='ocrx_word' id='word_1_514' title='bbox 983 4159 1032 4215; x_wconf 83' lang='lat' dir='ltr'><strong>bu-</strong></span> 
     </span>
     <span class='ocr_line' id='line_1_54' title="bbox 231 4252 1031 4328; baseline -0.014 -12"><span class='ocrx_word' id='word_1_515' title='bbox 231 4259 312 4316; x_wconf 88' lang='lat' dir='ltr'><strong>minis</strong></span> <span class='ocrx_word' id='word_1_516' title='bbox 323 4259 440 4328; x_wconf 78' lang='lat' dir='ltr'><strong>speciem</strong></span> <span class='ocrx_word' id='word_1_517' title='bbox 454 4271 515 4328; x_wconf 81' lang='lat' dir='ltr'><strong>quae</strong></span> <span class='ocrx_word' id='word_1_518' title='bbox 528 4252 877 4326; x_wconf 66' lang='lat' dir='ltr'><strong>morisennensium</strong></span> <span class='ocrx_word' id='word_1_519' title='bbox 894 4253 977 4312; x_wconf 85' lang='lat' dir='ltr'><strong>ileum</strong></span> <span class='ocrx_word' id='word_1_520' title='bbox 991 4252 1031 4321; x_wconf 90' lang='lat' dir='ltr'><strong>ip-</strong></span> 
     </span>
     <span class='ocr_line' id='line_1_55' title="bbox 232 4343 1031 4420; baseline -0.013 -12"><span class='ocrx_word' id='word_1_521' title='bbox 232 4366 292 4408; x_wconf 87' lang='lat' dir='ltr'><strong>sum</strong></span> <span class='ocrx_word' id='word_1_522' title='bbox 315 4350 513 4420; x_wconf 86' lang='lat' dir='ltr'><strong>introspiceret.</strong></span> <span class='ocrx_word' id='word_1_523' title='bbox 536 4349 577 4408; x_wconf 81' lang='lat' dir='ltr'><strong>bd</strong></span> <span class='ocrx_word' id='word_1_524' title='bbox 593 4349 829 4420; x_wconf 85' lang='lat' dir='ltr'><strong>iuncoquoeumque</strong></span> <span class='ocrx_word' id='word_1_525' title='bbox 850 4345 904 4402; x_wconf 87' lang='lat' dir='ltr'><strong>iter</strong></span> <span class='ocrx_word' id='word_1_526' title='bbox 916 4343 1031 4410; x_wconf 85' lang='lat' dir='ltr'><strong>iaceret,</strong></span> 
     </span>
     <span class='ocr_line' id='line_1_56' title="bbox 231 4435 1031 4510; baseline -0.01 -8"><span class='ocrx_word' id='word_1_527' title='bbox 231 4459 279 4502; x_wconf 87' lang='lat' dir='ltr'><strong>eoa</strong></span> <span class='ocrx_word' id='word_1_528' title='bbox 297 4458 389 4500; x_wconf 84' lang='lat' dir='ltr'><strong>secum</strong></span> <span class='ocrx_word' id='word_1_529' title='bbox 404 4441 570 4506; x_wconf 75' lang='lat' dir='ltr'><strong>deducebat,</strong></span> <span class='ocrx_word' id='word_1_530' title='bbox 586 4439 670 4498; x_wconf 80' lang='lat' dir='ltr'><strong>Derim</strong></span> <span class='ocrx_word' id='word_1_531' title='bbox 684 4453 765 4510; x_wconf 88' lang='lat' dir='ltr'><strong>quem</strong></span> <span class='ocrx_word' id='word_1_532' title='bbox 789 4438 827 4496; x_wconf 92' lang='lat' dir='ltr'><strong>itti</strong></span> <span class='ocrx_word' id='word_1_533' title='bbox 841 4437 979 4505; x_wconf 83' lang='lat' dir='ltr'><strong>colerunt,</strong></span> <span class='ocrx_word' id='word_1_534' title='bbox 995 4435 1031 4494; x_wconf 79' lang='lat' dir='ltr'><strong>ola</strong></span> 
     </span>
     <span class='ocr_line' id='line_1_57' title="bbox 232 4529 1030 4608; baseline -0.014 -14"><span class='ocrx_word' id='word_1_535' title='bbox 232 4539 260 4595; x_wconf 89' lang='lat' dir='ltr'><strong>id</strong></span> <span class='ocrx_word' id='word_1_536' title='bbox 275 4538 355 4596; x_wconf 87' lang='lat' dir='ltr'><strong>etiam</strong></span> <span class='ocrx_word' id='word_1_537' title='bbox 383 4537 527 4608; x_wconf 91' lang='lat' dir='ltr'><strong>propitium</strong></span> <span class='ocrx_word' id='word_1_538' title='bbox 553 4535 604 4592; x_wconf 85' lang='lat' dir='ltr'><strong>sibi</strong></span> <span class='ocrx_word' id='word_1_539' title='bbox 626 4532 720 4590; x_wconf 87' lang='lat' dir='ltr'><strong>adiere</strong></span> <span class='ocrx_word' id='word_1_540' title='bbox 744 4546 792 4603; x_wconf 90' lang='lat' dir='ltr'><strong>pro</strong></span> <span class='ocrx_word' id='word_1_541' title='bbox 813 4539 890 4590; x_wconf 90' lang='lat' dir='ltr'><strong>certo</strong></span> <span class='ocrx_word' id='word_1_542' title='bbox 917 4529 1030 4588; x_wconf 83' lang='lat' dir='ltr'><strong>liabens.</strong></span> 
     </span>
     <span class='ocr_line' id='line_1_58' title="bbox 232 4622 1035 4702; baseline -0.006 -15"><span class='ocrx_word' id='word_1_543' title='bbox 232 4633 302 4702; x_wconf 73' lang='lat' dir='ltr'><strong>oratu</strong></span> <span class='ocrx_word' id='word_1_544' title='bbox 313 4633 394 4692; x_wconf 85' lang='lat' dir='ltr'><strong>stiam</strong></span> <span class='ocrx_word' id='word_1_545' title='bbox 410 4631 531 4690; x_wconf 87' lang='lat' dir='ltr'><strong>ecclesiis</strong></span> <span class='ocrx_word' id='word_1_546' title='bbox 545 4630 593 4686; x_wconf 87' lang='lat' dir='ltr'><strong>liei</strong></span> <span class='ocrx_word' id='word_1_547' title='bbox 609 4629 722 4700; x_wconf 86' lang='lat' dir='ltr'><strong>plurima</strong></span> <span class='ocrx_word' id='word_1_548' title='bbox 734 4641 766 4685; x_wconf 84' lang='lat' dir='ltr'><strong>ea</strong></span> <span class='ocrx_word' id='word_1_549' title='bbox 779 4624 912 4686; x_wconf 81' lang='lat' dir='ltr'><strong>rtuesaurts</strong></span> <span class='ocrx_word' id='word_1_550' title='bbox 921 4624 978 4680; x_wconf 89' lang='lat' dir='ltr'><strong>suis</strong></span> <span class='ocrx_word' id='word_1_551' title='bbox 991 4622 1035 4682; x_wconf 76' lang='lat' dir='ltr'><strong>be</strong></span> 
     </span>
     <span class='ocr_line' id='line_1_59' title="bbox 233 4714 1035 4792; baseline -0.014 -11"><span class='ocrx_word' id='word_1_552' title='bbox 233 4725 328 4786; x_wconf 80' lang='lat' dir='ltr'><strong>trebeta</strong></span> <span class='ocrx_word' id='word_1_553' title='bbox 345 4723 578 4790; x_wconf 66' lang='lat' dir='ltr'><strong>subministratum</strong></span> <span class='ocrx_word' id='word_1_554' title='bbox 597 4722 693 4792; x_wconf 88' lang='lat' dir='ltr'><strong>purtim</strong></span> <span class='ocrx_word' id='word_1_555' title='bbox 707 4733 800 4778; x_wconf 86' lang='lat' dir='ltr'><strong>sacras</strong></span> <span class='ocrx_word' id='word_1_556' title='bbox 821 4718 895 4780; x_wconf 73' lang='lat' dir='ltr'><strong>esta</strong></span> <span class='ocrx_word' id='word_1_557' title='bbox 916 4714 1035 4787; x_wconf 83' lang='lat' dir='ltr'><strong>emptiti-</strong></span> 
     </span>
     <span class='ocr_line' id='line_1_60' title="bbox 233 4807 1034 4888; baseline -0.015 -10"><span class='ocrx_word' id='word_1_558' title='bbox 233 4831 297 4878; x_wconf 84' lang='lat' dir='ltr'><strong>cans</strong></span> <span class='ocrx_word' id='word_1_559' title='bbox 311 4824 339 4876; x_wconf 82' lang='lat' dir='ltr'><strong>et</strong></span> <span class='ocrx_word' id='word_1_560' title='bbox 354 4816 381 4875; x_wconf 91' lang='lat' dir='ltr'><strong>iu</strong></span> <span class='ocrx_word' id='word_1_561' title='bbox 400 4815 515 4874; x_wconf 83' lang='lat' dir='ltr'><strong>aubliute</strong></span> <span class='ocrx_word' id='word_1_562' title='bbox 528 4816 652 4888; x_wconf 80' lang='lat' dir='ltr'><strong>eriqeus,</strong></span> <span class='ocrx_word' id='word_1_563' title='bbox 669 4812 764 4884; x_wconf 88' lang='lat' dir='ltr'><strong>partim</strong></span> <span class='ocrx_word' id='word_1_564' title='bbox 779 4821 891 4883; x_wconf 74' lang='lat' dir='ltr'><strong>roqueta</strong></span> <span class='ocrx_word' id='word_1_565' title='bbox 906 4807 1034 4870; x_wconf 66' lang='lat' dir='ltr'><strong>mulsam·</strong></span> 
     </span>
     <span class='ocr_line' id='line_1_61' title="bbox 233 4907 853 4979; baseline -0.005 -15"><span class='ocrx_word' id='word_1_566' title='bbox 233 4924 294 4968; x_wconf 89' lang='lat' dir='ltr'><strong>rum</strong></span> <span class='ocrx_word' id='word_1_567' title='bbox 308 4907 425 4968; x_wconf 88' lang='lat' dir='ltr'><strong>sacraria</strong></span> <span class='ocrx_word' id='word_1_568' title='bbox 439 4908 562 4979; x_wconf 88' lang='lat' dir='ltr'><strong>piurimis</strong></span> <span class='ocrx_word' id='word_1_569' title='bbox 576 4907 696 4966; x_wconf 82' lang='lat' dir='ltr'><strong>donariis</strong></span> <span class='ocrx_word' id='word_1_570' title='bbox 706 4919 853 4966; x_wconf 83' lang='lat' dir='ltr'><strong>exornans.</strong></span> 
     </span>
    </p>
   </div>
   <div class='ocr_carea' id='block_1_18' title="bbox 343 5021 920 5195">
    <p class='ocr_par' dir='ltr' id='par_1_20' title="bbox 343 5021 920 5195">
     <span class='ocr_line' id='line_1_62' title="bbox 521 5021 745 5081; baseline -0.013 -2"><span class='ocrx_word' id='word_1_571' title='bbox 521 5023 637 5081; x_wconf 74' lang='lat' dir='ltr'>CAPUT</span> <span class='ocrx_word' id='word_1_572' title='bbox 652 5021 745 5078; x_wconf 83' lang='lat' dir='ltr'><strong>lttlll.</strong></span> 
     </span>
     <span class='ocr_line' id='line_1_63' title="bbox 343 5118 920 5195; baseline -0.012 -17"><span class='ocrx_word' id='word_1_573' title='bbox 343 5120 384 5178; x_wconf 86' lang='lat' dir='ltr'><strong>De</strong></span> <span class='ocrx_word' id='word_1_574' title='bbox 397 5121 556 5178; x_wconf 80' lang='lat' dir='ltr'><strong>Constantini</strong></span> <span class='ocrx_word' id='word_1_575' title='bbox 564 5122 590 5176; x_wconf 90' lang='lat' dir='ltr'><strong>in</strong></span> <span class='ocrx_word' id='word_1_576' title='bbox 604 5136 728 5195; x_wconf 85' lang='lat' dir='ltr'><strong>pauperes</strong></span> <span class='ocrx_word' id='word_1_577' title='bbox 744 5118 920 5190; x_wconf 76' lang='lat' dir='ltr'><strong>beneficentia.</strong></span> 
     </span>
    </p>
   </div>
   <div class='ocr_carea' id='block_1_19' title="bbox 234 5231 1034 5684">
    <p class='ocr_par' dir='ltr' id='par_1_21' title="bbox 234 5231 1034 5684">
     <span class='ocr_line' id='line_1_64' title="bbox 272 5231 1032 5308; baseline -0.012 -14"><span class='ocrx_word' id='word_1_578' title='bbox 272 5237 360 5294; x_wconf 84' lang='lat' dir='ltr'><strong>Variis</strong></span> <span class='ocrx_word' id='word_1_579' title='bbox 375 5236 492 5306; x_wconf 87' lang='lat' dir='ltr'><strong>denique</strong></span> <span class='ocrx_word' id='word_1_580' title='bbox 506 5235 678 5308; x_wconf 91' lang='lat' dir='ltr'><strong>pecuniarum</strong></span> <span class='ocrx_word' id='word_1_581' title='bbox 694 5233 872 5291; x_wconf 86' lang='lat' dir='ltr'><strong>divisionibus</strong></span> <span class='ocrx_word' id='word_1_582' title='bbox 894 5231 1032 5304; x_wconf 78' lang='lat' dir='ltr'><strong>egentium</strong></span> 
     </span>
     <span class='ocr_line' id='line_1_65' title="bbox 235 5325 1033 5405; baseline -0.011 -17"><span class='ocrx_word' id='word_1_583' title='bbox 235 5333 352 5405; x_wconf 88' lang='lat' dir='ltr'><strong>inopiam</strong></span> <span class='ocrx_word' id='word_1_584' title='bbox 376 5331 529 5387; x_wconf 87' lang='lat' dir='ltr'><strong>sublevans.</strong></span> <span class='ocrx_word' id='word_1_585' title='bbox 555 5330 697 5386; x_wconf 83' lang='lat' dir='ltr'><strong>Extraneis</strong></span> <span class='ocrx_word' id='word_1_586' title='bbox 720 5339 851 5402; x_wconf 81' lang='lat' dir='ltr'><strong>praeterea</strong></span> <span class='ocrx_word' id='word_1_587' title='bbox 874 5325 919 5398; x_wconf 91' lang='lat' dir='ltr'><strong>qui</strong></span> <span class='ocrx_word' id='word_1_588' title='bbox 944 5325 1033 5395; x_wconf 92' lang='lat' dir='ltr'><strong>ipsum</strong></span> 
     </span>
     <span class='ocr_line' id='line_1_66' title="bbox 234 5419 1034 5494; baseline -0.01 -13"><span class='ocrx_word' id='word_1_589' title='bbox 234 5425 350 5494; x_wconf 88' lang='lat' dir='ltr'><strong>adirent,</strong></span> <span class='ocrx_word' id='word_1_590' title='bbox 366 5426 513 5481; x_wconf 90' lang='lat' dir='ltr'><strong>bumanum</strong></span> <span class='ocrx_word' id='word_1_591' title='bbox 524 5441 553 5482; x_wconf 90' lang='lat' dir='ltr'><strong>se</strong></span> <span class='ocrx_word' id='word_1_592' title='bbox 568 5439 599 5480; x_wconf 89' lang='lat' dir='ltr'><strong>uc</strong></span> <span class='ocrx_word' id='word_1_593' title='bbox 614 5423 752 5482; x_wconf 90' lang='lat' dir='ltr'><strong>liberalem</strong></span> <span class='ocrx_word' id='word_1_594' title='bbox 767 5421 914 5494; x_wconf 73' lang='lat' dir='ltr'><strong>prebebat.</strong></span> <span class='ocrx_word' id='word_1_595' title='bbox 927 5419 966 5477; x_wconf 81' lang='lat' dir='ltr'><strong>lle</strong></span> <span class='ocrx_word' id='word_1_596' title='bbox 981 5419 1034 5474; x_wconf 91' lang='lat' dir='ltr'><strong>mi-</strong></span> 
     </span>
     <span class='ocr_line' id='line_1_67' title="bbox 236 5511 1034 5590; baseline -0.013 -15"><span class='ocrx_word' id='word_1_597' title='bbox 236 5519 305 5575; x_wconf 87' lang='lat' dir='ltr'><strong>seris</strong></span> <span class='ocrx_word' id='word_1_598' title='bbox 320 5518 427 5590; x_wconf 89' lang='lat' dir='ltr'><strong>quidem</strong></span> <span class='ocrx_word' id='word_1_599' title='bbox 443 5517 495 5573; x_wconf 90' lang='lat' dir='ltr'><strong>iltis</strong></span> <span class='ocrx_word' id='word_1_600' title='bbox 510 5526 537 5572; x_wconf 90' lang='lat' dir='ltr'><strong>et</strong></span> <span class='ocrx_word' id='word_1_601' title='bbox 557 5517 668 5590; x_wconf 83' lang='lat' dir='ltr'><strong>abjectis</strong></span> <span class='ocrx_word' id='word_1_602' title='bbox 684 5517 727 5587; x_wconf 89' lang='lat' dir='ltr'><strong>qui</strong></span> <span class='ocrx_word' id='word_1_603' title='bbox 751 5515 778 5571; x_wconf 89' lang='lat' dir='ltr'><strong>lu</strong></span> <span class='ocrx_word' id='word_1_604' title='bbox 794 5514 853 5570; x_wconf 85' lang='lat' dir='ltr'><strong>loro</strong></span> <span class='ocrx_word' id='word_1_605' title='bbox 868 5511 1034 5578; x_wconf 86' lang='lat' dir='ltr'><strong>mendicant,</strong></span> 
     </span>
     <span class='ocr_line' id='line_1_68' title="bbox 236 5605 1034 5684; baseline -0.011 -16"><span class='ocrx_word' id='word_1_606' title='bbox 236 5627 290 5668; x_wconf 92' lang='lat' dir='ltr'><strong>nun</strong></span> <span class='ocrx_word' id='word_1_607' title='bbox 302 5614 429 5684; x_wconf 88' lang='lat' dir='ltr'><strong>pecunias</strong></span> <span class='ocrx_word' id='word_1_608' title='bbox 440 5612 526 5668; x_wconf 88' lang='lat' dir='ltr'><strong>solum</strong></span> <span class='ocrx_word' id='word_1_609' title='bbox 537 5619 564 5668; x_wconf 89' lang='lat' dir='ltr'><strong>et</strong></span> <span class='ocrx_word' id='word_1_610' title='bbox 575 5612 701 5668; x_wconf 89' lang='lat' dir='ltr'><strong>albucnta</strong></span> <span class='ocrx_word' id='word_1_611' title='bbox 713 5611 744 5668; x_wconf 90' lang='lat' dir='ltr'><strong>ad</strong></span> <span class='ocrx_word' id='word_1_612' title='bbox 756 5611 855 5665; x_wconf 88' lang='lat' dir='ltr'><strong>rictum</strong></span> <span class='ocrx_word' id='word_1_613' title='bbox 869 5605 1034 5675; x_wconf 67' lang='lat' dir='ltr'><strong>neccessarie,</strong></span> 
     </span>
    </p>
   </div>
   <div class='ocr_carea' id='block_1_20' title="bbox 1365 4157 1575 4218">
    <p class='ocr_par' dir='ltr' id='par_1_22' title="bbox 1365 4157 1575 4218">
     <span class='ocr_line' id='line_1_69' title="bbox 1365 4157 1575 4218; baseline -0.014 0"><span class='ocrx_word' id='word_1_614' title='bbox 1365 4157 1479 4218; x_wconf 79' lang='lat' dir='ltr'>CAPUT</span> <span class='ocrx_word' id='word_1_615' title='bbox 1494 4157 1575 4216; x_wconf 72' lang='lat' dir='ltr'><strong>xil.</strong></span> 
     </span>
    </p>
   </div>
   <div class='ocr_carea' id='block_1_21' title="bbox 1247 4273 1721 4345">
    <p class='ocr_par' dir='ltr' id='par_1_23' title="bbox 1247 4273 1721 4345">
     <span class='ocr_line' id='line_1_70' title="bbox 1247 4273 1721 4345; baseline -0.008 -13"><span class='ocrx_word' id='word_1_616' title='bbox 1247 4274 1381 4342; x_wconf 83' lang='lat' dir='ltr'><strong>Quomodo</strong></span> <span class='ocrx_word' id='word_1_617' title='bbox 1397 4276 1550 4345; x_wconf 76' lang='lat' dir='ltr'><strong>insipienter</strong></span> <span class='ocrx_word' id='word_1_618' title='bbox 1567 4273 1721 4332; x_wconf 71' lang='lat' dir='ltr'><strong>tukruuerit.</strong></span> 
     </span>
    </p>
   </div>
   <div class='ocr_carea' id='block_1_22' title="bbox 1082 4386 1885 4554">
    <p class='ocr_par' dir='ltr' id='par_1_24' title="bbox 1082 4386 1885 4554">
     <span class='ocr_line' id='line_1_71' title="bbox 1122 4386 1884 4460; baseline -0.008 -14"><span class='ocrx_word' id='word_1_619' title='bbox 1122 4389 1191 4460; x_wconf 83' lang='lat' dir='ltr'><strong>eriu</strong></span> <span class='ocrx_word' id='word_1_620' title='bbox 1207 4390 1288 4446; x_wconf 89' lang='lat' dir='ltr'><strong>ctiam</strong></span> <span class='ocrx_word' id='word_1_621' title='bbox 1303 4389 1448 4446; x_wconf 87' lang='lat' dir='ltr'><strong>annutritus</strong></span> <span class='ocrx_word' id='word_1_622' title='bbox 1460 4389 1505 4460; x_wconf 95' lang='lat' dir='ltr'><strong>qui</strong></span> <span class='ocrx_word' id='word_1_623' title='bbox 1517 4387 1647 4443; x_wconf 89' lang='lat' dir='ltr'><strong>adrersus</strong></span> <span class='ocrx_word' id='word_1_624' title='bbox 1660 4386 1747 4455; x_wconf 87' lang='lat' dir='ltr'><strong>ipsum</strong></span> <span class='ocrx_word' id='word_1_625' title='bbox 1759 4386 1884 4457; x_wconf 87' lang='lat' dir='ltr'><strong>asperius</strong></span> 
     </span>
     <span class='ocr_line' id='line_1_72' title="bbox 1082 4479 1885 4554; baseline -0.01 -14"><span class='ocrx_word' id='word_1_626' title='bbox 1082 4483 1181 4540; x_wconf 87' lang='lat' dir='ltr'><strong>invecti</strong></span> <span class='ocrx_word' id='word_1_627' title='bbox 1207 4482 1326 4550; x_wconf 81' lang='lat' dir='ltr'><strong>lucrant,</strong></span> <span class='ocrx_word' id='word_1_628' title='bbox 1341 4481 1474 4554; x_wconf 87' lang='lat' dir='ltr'><strong>patienter</strong></span> <span class='ocrx_word' id='word_1_629' title='bbox 1497 4481 1574 4548; x_wconf 92' lang='lat' dir='ltr'><strong>tulit;</strong></span> <span class='ocrx_word' id='word_1_630' title='bbox 1588 4481 1643 4534; x_wconf 90' lang='lat' dir='ltr'><strong>lent</strong></span> <span class='ocrx_word' id='word_1_631' title='bbox 1657 4494 1689 4535; x_wconf 87' lang='lat' dir='ltr'><strong>ae</strong></span> <span class='ocrx_word' id='word_1_632' title='bbox 1702 4479 1795 4536; x_wconf 85' lang='lat' dir='ltr'><strong>sedata</strong></span> <span class='ocrx_word' id='word_1_633' title='bbox 1816 4493 1885 4532; x_wconf 89' lang='lat' dir='ltr'><strong>voce</strong></span> 
     </span>
    </p>
   </div>
   <div class='ocr_carea' id='block_1_23' title="bbox 1047 4572 1886 4647">
    <p class='ocr_par' dir='ltr' id='par_1_25' title="bbox 1047 4572 1886 4647">
     <span class='ocr_line' id='line_1_73' title="bbox 1047 4572 1886 4647; baseline -0.011 -12"><span class='ocrx_word' id='word_1_634' title='bbox 1047 4579 1126 4642; x_wconf 86' lang='lat' dir='ltr'><strong>Deis</strong></span> <span class='ocrx_word' id='word_1_635' title='bbox 1138 4575 1309 4647; x_wconf 81' lang='lat' dir='ltr'><strong>precipiens,</strong></span> <span class='ocrx_word' id='word_1_636' title='bbox 1331 4585 1359 4630; x_wconf 89' lang='grc' dir='ltr'><strong>ιιι</strong></span> <span class='ocrx_word' id='word_1_637' title='bbox 1379 4573 1529 4629; x_wconf 84' lang='lat' dir='ltr'><strong>modestius</strong></span> <span class='ocrx_word' id='word_1_638' title='bbox 1550 4587 1640 4644; x_wconf 74' lang='lat' dir='ltr'><strong>agere,</strong></span> <span class='ocrx_word' id='word_1_639' title='bbox 1663 4586 1713 4627; x_wconf 90' lang='lat' dir='ltr'><strong>uec</strong></span> <span class='ocrx_word' id='word_1_640' title='bbox 1736 4572 1886 4627; x_wconf 85' lang='lat' dir='ltr'><strong>seditiones</strong></span> 
     </span>
    </p>
   </div>
   <div class='ocr_carea' id='block_1_24' title="bbox 1085 4663 1890 5674">
    <p class='ocr_par' dir='ltr' id='par_1_26' title="bbox 1085 4663 1890 5674">
     <span class='ocr_line' id='line_1_74' title="bbox 1086 4663 1884 4732; baseline -0.01 -7"><span class='ocrx_word' id='word_1_641' title='bbox 1086 4668 1206 4725; x_wconf 82' lang='lat' dir='ltr'><strong>excitare</strong></span> <span class='ocrx_word' id='word_1_642' title='bbox 1221 4666 1332 4722; x_wconf 88' lang='lat' dir='ltr'><strong>vellent.</strong></span> <span class='ocrx_word' id='word_1_643' title='bbox 1351 4665 1389 4719; x_wconf 85' lang='lat' dir='ltr'><strong>Er</strong></span> <span class='ocrx_word' id='word_1_644' title='bbox 1402 4665 1445 4720; x_wconf 87' lang='lat' dir='ltr'><strong>bis</strong></span> <span class='ocrx_word' id='word_1_645' title='bbox 1455 4665 1500 4719; x_wconf 90' lang='lat' dir='ltr'><strong>ulii</strong></span> <span class='ocrx_word' id='word_1_646' title='bbox 1522 4663 1719 4720; x_wconf 85' lang='lat' dir='ltr'><strong>aduvonitioues</strong></span> <span class='ocrx_word' id='word_1_647' title='bbox 1732 4663 1790 4732; x_wconf 77' lang='lat' dir='ltr'><strong>ciuis</strong></span> <span class='ocrx_word' id='word_1_648' title='bbox 1804 4679 1884 4719; x_wconf 87' lang='lat' dir='ltr'><strong>rere-</strong></span> 
     </span>
     <span class='ocr_line' id='line_1_75' title="bbox 1090 4757 1886 4832; baseline -0.009 -15"><span class='ocrx_word' id='word_1_649' title='bbox 1090 4763 1146 4830; x_wconf 90' lang='lat' dir='ltr'><strong>riti,</strong></span> <span class='ocrx_word' id='word_1_650' title='bbox 1163 4777 1178 4816; x_wconf 94' lang='lat' dir='ltr'><strong>a</strong></span> <span class='ocrx_word' id='word_1_651' title='bbox 1193 4759 1343 4832; x_wconf 80' lang='lat' dir='ltr'><strong>pervicacia</strong></span> <span class='ocrx_word' id='word_1_652' title='bbox 1357 4760 1438 4814; x_wconf 90' lang='lat' dir='ltr'><strong>animi</strong></span> <span class='ocrx_word' id='word_1_653' title='bbox 1450 4759 1626 4815; x_wconf 89' lang='lat' dir='ltr'><strong>desistebant.</strong></span> <span class='ocrx_word' id='word_1_654' title='bbox 1648 4758 1723 4814; x_wconf 75' lang='lat' dir='ltr'><strong>Alios</strong></span> <span class='ocrx_word' id='word_1_655' title='bbox 1735 4758 1780 4829; x_wconf 91' lang='lat' dir='ltr'><strong>qui</strong></span> <span class='ocrx_word' id='word_1_656' title='bbox 1793 4757 1826 4813; x_wconf 91' lang='lat' dir='ltr'><strong>ad</strong></span> <span class='ocrx_word' id='word_1_657' title='bbox 1841 4773 1886 4812; x_wconf 86' lang='lat' dir='ltr'><strong>sa·</strong></span> 
     </span>
     <span class='ocr_line' id='line_1_76' title="bbox 1087 4851 1886 4922; baseline -0.008 -11"><span class='ocrx_word' id='word_1_658' title='bbox 1087 4871 1148 4912; x_wconf 89' lang='lat' dir='ltr'><strong>uam</strong></span> <span class='ocrx_word' id='word_1_659' title='bbox 1164 4865 1282 4912; x_wconf 90' lang='lat' dir='ltr'><strong>mentem</strong></span> <span class='ocrx_word' id='word_1_660' title='bbox 1302 4854 1376 4909; x_wconf 93' lang='lat' dir='ltr'><strong>nulio</strong></span> <span class='ocrx_word' id='word_1_661' title='bbox 1391 4853 1512 4908; x_wconf 87' lang='lat' dir='ltr'><strong>remedio</strong></span> <span class='ocrx_word' id='word_1_662' title='bbox 1527 4853 1647 4908; x_wconf 84' lang='lat' dir='ltr'><strong>revocari</strong></span> <span class='ocrx_word' id='word_1_663' title='bbox 1669 4859 1806 4922; x_wconf 89' lang='lat' dir='ltr'><strong>poteraut,</strong></span> <span class='ocrx_word' id='word_1_664' title='bbox 1828 4851 1886 4905; x_wconf 83' lang='lat' dir='ltr'><strong>lieo</strong></span> 
     </span>
     <span class='ocr_line' id='line_1_77' title="bbox 1086 4945 1885 5016; baseline -0.009 -11"><span class='ocrx_word' id='word_1_665' title='bbox 1086 4950 1259 5006; x_wconf 88' lang='lat' dir='ltr'><strong>committens</strong></span> <span class='ocrx_word' id='word_1_666' title='bbox 1278 4947 1462 5016; x_wconf 68' lang='lat' dir='ltr'><strong>relinquebam</strong></span> <span class='ocrx_word' id='word_1_667' title='bbox 1485 4945 1551 5000; x_wconf 92' lang='lat' dir='ltr'><strong>nibil</strong></span> <span class='ocrx_word' id='word_1_668' title='bbox 1572 4945 1703 5000; x_wconf 87' lang='lat' dir='ltr'><strong>aduersus</strong></span> <span class='ocrx_word' id='word_1_669' title='bbox 1723 4959 1885 5014; x_wconf 89' lang='lat' dir='ltr'><strong>quemquam</strong></span> 
     </span>
     <span class='ocr_line' id='line_1_78' title="bbox 1085 5039 1886 5114; baseline -0.009 -16"><span class='ocrx_word' id='word_1_670' title='bbox 1085 5045 1208 5114; x_wconf 88' lang='lat' dir='ltr'><strong>asperius</strong></span> <span class='ocrx_word' id='word_1_671' title='bbox 1220 5057 1336 5113; x_wconf 90' lang='lat' dir='ltr'><strong>nuquam</strong></span> <span class='ocrx_word' id='word_1_672' title='bbox 1350 5040 1504 5112; x_wconf 75' lang='lat' dir='ltr'><strong>designans.</strong></span> <span class='ocrx_word' id='word_1_673' title='bbox 1519 5039 1636 5095; x_wconf 89' lang='lat' dir='ltr'><strong>iiancub</strong></span> <span class='ocrx_word' id='word_1_674' title='bbox 1650 5052 1770 5104; x_wconf 90' lang='lat' dir='ltr'><strong>causam,</strong></span> <span class='ocrx_word' id='word_1_675' title='bbox 1785 5052 1814 5092; x_wconf 89' lang='grc' dir='ltr'><strong>ιιι</strong></span> <span class='ocrx_word' id='word_1_676' title='bbox 1824 5053 1886 5092; x_wconf 90' lang='lat' dir='ltr'><strong>cre·</strong></span> 
     </span>
     <span class='ocr_line' id='line_1_79' title="bbox 1085 5133 1887 5208; baseline -0.011 -13"><span class='ocrx_word' id='word_1_677' title='bbox 1085 5139 1170 5196; x_wconf 88' lang='lat' dir='ltr'><strong>dibile</strong></span> <span class='ocrx_word' id='word_1_678' title='bbox 1183 5147 1234 5203; x_wconf 76' lang='lat' dir='ltr'><strong>est,</strong></span> <span class='ocrx_word' id='word_1_679' title='bbox 1250 5137 1295 5208; x_wconf 90' lang='lat' dir='ltr'><strong>qui</strong></span> <span class='ocrx_word' id='word_1_680' title='bbox 1310 5136 1336 5191; x_wconf 94' lang='lat' dir='ltr'><strong>in</strong></span> <span class='ocrx_word' id='word_1_681' title='bbox 1346 5135 1435 5191; x_wconf 81' lang='lat' dir='ltr'><strong>birica</strong></span> <span class='ocrx_word' id='word_1_682' title='bbox 1451 5133 1611 5190; x_wconf 89' lang='lat' dir='ltr'><strong>seditionem</strong></span> <span class='ocrx_word' id='word_1_683' title='bbox 1622 5141 1837 5199; x_wconf 87' lang='lat' dir='ltr'><strong>commoverant,</strong></span> <span class='ocrx_word' id='word_1_684' title='bbox 1853 5148 1887 5186; x_wconf 90' lang='lat' dir='ltr'><strong>eo</strong></span> 
     </span>
     <span class='ocr_line' id='line_1_80' title="bbox 1090 5221 1888 5302; baseline -0.014 -15"><span class='ocrx_word' id='word_1_685' title='bbox 1090 5229 1271 5302; x_wconf 87' lang='lat' dir='ltr'><strong>improbitatis</strong></span> <span class='ocrx_word' id='word_1_686' title='bbox 1286 5236 1479 5300; x_wconf 86' lang='lat' dir='ltr'><strong>prorupemm,</strong></span> <span class='ocrx_word' id='word_1_687' title='bbox 1503 5237 1532 5281; x_wconf 88' lang='lat' dir='ltr'><strong>ut</strong></span> <span class='ocrx_word' id='word_1_688' title='bbox 1546 5226 1659 5295; x_wconf 75' lang='lat' dir='ltr'><strong>absorpta</strong></span> <span class='ocrx_word' id='word_1_689' title='bbox 1679 5223 1801 5296; x_wconf 74' lang='lat' dir='ltr'><strong>quaedam</strong></span> <span class='ocrx_word' id='word_1_690' title='bbox 1822 5221 1888 5277; x_wconf 86' lang='lat' dir='ltr'><strong>taei-</strong></span> 
     </span>
     <span class='ocr_line' id='line_1_81' title="bbox 1087 5313 1888 5386; baseline -0.011 -7"><span class='ocrx_word' id='word_1_691' title='bbox 1087 5338 1154 5379; x_wconf 90' lang='lat' dir='ltr'><strong>nora</strong></span> <span class='ocrx_word' id='word_1_692' title='bbox 1171 5329 1324 5386; x_wconf 89' lang='lat' dir='ltr'><strong>tentarent;</strong></span> <span class='ocrx_word' id='word_1_693' title='bbox 1352 5318 1475 5374; x_wconf 78' lang='lat' dir='ltr'><strong>demone</strong></span> <span class='ocrx_word' id='word_1_694' title='bbox 1490 5325 1519 5370; x_wconf 94' lang='lat' dir='ltr'><strong>ut</strong></span> <span class='ocrx_word' id='word_1_695' title='bbox 1537 5315 1643 5371; x_wconf 88' lang='lat' dir='ltr'><strong>ridetur</strong></span> <span class='ocrx_word' id='word_1_696' title='bbox 1657 5315 1693 5370; x_wconf 92' lang='lat' dir='ltr'><strong>ob</strong></span> <span class='ocrx_word' id='word_1_697' title='bbox 1714 5313 1888 5384; x_wconf 73' lang='lat' dir='ltr'><strong>preasentiunt</strong></span> 
     </span>
     <span class='ocr_line' id='line_1_82' title="bbox 1088 5407 1887 5485; baseline -0.014 -15"><span class='ocrx_word' id='word_1_698' title='bbox 1088 5415 1221 5471; x_wconf 91' lang='lat' dir='ltr'><strong>bonomm</strong></span> <span class='ocrx_word' id='word_1_699' title='bbox 1243 5412 1348 5482; x_wconf 88' lang='lat' dir='ltr'><strong>copiam</strong></span> <span class='ocrx_word' id='word_1_700' title='bbox 1369 5409 1467 5465; x_wconf 88' lang='lat' dir='ltr'><strong>invidia</strong></span> <span class='ocrx_word' id='word_1_701' title='bbox 1482 5409 1597 5485; x_wconf 80' lang='lat' dir='ltr'><strong>percito,</strong></span> <span class='ocrx_word' id='word_1_702' title='bbox 1608 5416 1636 5464; x_wconf 90' lang='lat' dir='ltr'><strong>et</strong></span> <span class='ocrx_word' id='word_1_703' title='bbox 1657 5407 1690 5462; x_wconf 86' lang='lat' dir='ltr'><strong>sd</strong></span> <span class='ocrx_word' id='word_1_704' title='bbox 1703 5407 1793 5478; x_wconf 70' lang='lat' dir='ltr'><strong>gravia</strong></span> <span class='ocrx_word' id='word_1_705' title='bbox 1810 5421 1887 5476; x_wconf 81' lang='lat' dir='ltr'><strong>qure-</strong></span> 
     </span>
     <span class='ocr_line' id='line_1_83' title="bbox 1088 5502 1890 5573; baseline -0.012 -8"><span class='ocrx_word' id='word_1_706' title='bbox 1088 5509 1150 5565; x_wconf 90' lang='lat' dir='ltr'><strong>dam</strong></span> <span class='ocrx_word' id='word_1_707' title='bbox 1168 5517 1196 5563; x_wconf 90' lang='lat' dir='ltr'><strong>et</strong></span> <span class='ocrx_word' id='word_1_708' title='bbox 1218 5507 1318 5562; x_wconf 90' lang='lat' dir='ltr'><strong>atrocia</strong></span> <span class='ocrx_word' id='word_1_709' title='bbox 1336 5505 1455 5561; x_wconf 89' lang='lat' dir='ltr'><strong>laeiuora</strong></span> <span class='ocrx_word' id='word_1_710' title='bbox 1467 5503 1602 5559; x_wconf 85' lang='lat' dir='ltr'><strong>bomines·</strong></span> <span class='ocrx_word' id='word_1_711' title='bbox 1617 5503 1754 5568; x_wconf 86' lang='lat' dir='ltr'><strong>incitante,</strong></span> <span class='ocrx_word' id='word_1_712' title='bbox 1771 5515 1825 5573; x_wconf 90' lang='lat' dir='ltr'><strong>quo</strong></span> <span class='ocrx_word' id='word_1_713' title='bbox 1839 5502 1890 5556; x_wconf 80' lang='lat' dir='ltr'><strong>in:-</strong></span> 
     </span>
     <span class='ocr_line' id='line_1_84' title="bbox 1092 5594 1890 5674; baseline -0.009 -17"><span class='ocrx_word' id='word_1_714' title='bbox 1092 5601 1227 5674; x_wconf 87' lang='lat' dir='ltr'><strong>peratoris</strong></span> <span class='ocrx_word' id='word_1_715' title='bbox 1247 5601 1366 5655; x_wconf 88' lang='lat' dir='ltr'><strong>animum</strong></span> <span class='ocrx_word' id='word_1_716' title='bbox 1391 5607 1484 5653; x_wconf 86' lang='lat' dir='ltr'><strong>contra</strong></span> <span class='ocrx_word' id='word_1_717' title='bbox 1506 5597 1579 5667; x_wconf 91' lang='lat' dir='ltr'><strong>ipsos</strong></span> <span class='ocrx_word' id='word_1_718' title='bbox 1599 5596 1767 5653; x_wconf 86' lang='lat' dir='ltr'><strong>accenderet.</strong></span> <span class='ocrx_word' id='word_1_719' title='bbox 1788 5594 1890 5650; x_wconf 81' lang='lat' dir='ltr'><strong>Verum</strong></span> 
     </span>
    </p>
   </div>
   <div class='ocr_carea' id='block_1_25' title="bbox 243 5687 1893 5881">
    <p class='ocr_par' dir='ltr' id='par_1_27' title="bbox 243 5687 1893 5881">
     <span class='ocr_line' id='line_1_85' title="bbox 243 5687 1889 5778; baseline -0.012 -18"><span class='ocrx_word' id='word_1_720' title='bbox 243 5703 291 5760; x_wconf 88' lang='lat' dir='ltr'><strong>scd</strong></span> <span class='ocrx_word' id='word_1_721' title='bbox 315 5705 395 5760; x_wconf 89' lang='lat' dir='ltr'><strong>etiam</strong></span> <span class='ocrx_word' id='word_1_722' title='bbox 411 5714 513 5762; x_wconf 89' lang='lat' dir='ltr'><strong>vestem</strong></span> <span class='ocrx_word' id='word_1_723' title='bbox 535 5703 568 5760; x_wconf 89' lang='lat' dir='ltr'><strong>ad</strong></span> <span class='ocrx_word' id='word_1_724' title='bbox 585 5704 725 5778; x_wconf 76' lang='lat' dir='ltr'><strong>tegendam</strong></span> <span class='ocrx_word' id='word_1_725' title='bbox 745 5701 866 5772; x_wconf 91' lang='lat' dir='ltr'><strong>corporis</strong></span> <span class='ocrx_word' id='word_1_726' title='bbox 890 5697 1038 5756; x_wconf 89' lang='lat' dir='ltr'><strong>nuditatem</strong></span> <span class='ocrx_word' id='word_1_727' title='bbox 1094 5695 1161 5751; x_wconf 85' lang='lat' dir='ltr'><strong>nituit</strong></span> <span class='ocrx_word' id='word_1_728' title='bbox 1176 5693 1289 5766; x_wconf 89' lang='lat' dir='ltr'><strong>proiecit</strong></span> <span class='ocrx_word' id='word_1_729' title='bbox 1300 5690 1411 5759; x_wconf 82' lang='lat' dir='ltr'><strong>itrvidia,</strong></span> <span class='ocrx_word' id='word_1_730' title='bbox 1425 5705 1485 5746; x_wconf 91' lang='lat' dir='ltr'><strong>cnm</strong></span> <span class='ocrx_word' id='word_1_731' title='bbox 1500 5689 1646 5759; x_wconf 87' lang='lat' dir='ltr'><strong>imperator</strong></span> <span class='ocrx_word' id='word_1_732' title='bbox 1663 5703 1694 5743; x_wconf 92' lang='lat' dir='ltr'><strong>ca</strong></span> <span class='ocrx_word' id='word_1_733' title='bbox 1705 5703 1765 5758; x_wconf 80' lang='lat' dir='ltr'><strong>qua</strong></span> <span class='ocrx_word' id='word_1_734' title='bbox 1779 5687 1889 5754; x_wconf 80' lang='lat' dir='ltr'><strong>belant,</strong></span> 
     </span>
     <span class='ocr_line' id='line_1_86' title="bbox 247 5779 1893 5881; baseline -0.012 -24"><span class='ocrx_word' id='word_1_735' title='bbox 247 5799 411 5872; x_wconf 89' lang='lat' dir='ltr'><strong>suppeditari</strong></span> <span class='ocrx_word' id='word_1_736' title='bbox 434 5801 524 5874; x_wconf 74' lang='lat' dir='ltr'><strong>inussit.</strong></span> <span class='ocrx_word' id='word_1_737' title='bbox 544 5800 600 5881; x_wconf 86' lang='lat' dir='ltr'><strong>ltlis</strong></span> <span class='ocrx_word' id='word_1_738' title='bbox 615 5815 679 5873; x_wconf 79' lang='lat' dir='ltr'><strong>vero</strong></span> <span class='ocrx_word' id='word_1_739' title='bbox 692 5797 736 5872; x_wconf 85' lang='lat' dir='ltr'><strong>qul</strong></span> <span class='ocrx_word' id='word_1_740' title='bbox 754 5811 813 5854; x_wconf 92' lang='lat' dir='ltr'><strong>cum</strong></span> <span class='ocrx_word' id='word_1_741' title='bbox 831 5794 939 5868; x_wconf 73' lang='lat' dir='ltr'><strong>ingenui</strong></span> <span class='ocrx_word' id='word_1_742' title='bbox 960 5801 1041 5866; x_wconf 81' lang='lat' dir='ltr'><strong>utqrm</strong></span> <span class='ocrx_word' id='word_1_743' title='bbox 1102 5787 1214 5846; x_wconf 90' lang='lat' dir='ltr'><strong>ridenda</strong></span> <span class='ocrx_word' id='word_1_744' title='bbox 1227 5799 1287 5843; x_wconf 89' lang='lat' dir='ltr'><strong>csse</strong></span> <span class='ocrx_word' id='word_1_745' title='bbox 1298 5782 1426 5853; x_wconf 77' lang='lat' dir='ltr'><strong>duceret,</strong></span> <span class='ocrx_word' id='word_1_746' title='bbox 1442 5790 1470 5840; x_wconf 89' lang='lat' dir='ltr'><strong>et</strong></span> <span class='ocrx_word' id='word_1_747' title='bbox 1484 5781 1593 5854; x_wconf 72' lang='lat' dir='ltr'><strong>maligni</strong></span> <span class='ocrx_word' id='word_1_748' title='bbox 1607 5779 1740 5840; x_wconf 78' lang='lat' dir='ltr'><strong>demonis</strong></span> <span class='ocrx_word' id='word_1_749' title='bbox 1752 5779 1893 5854; x_wconf 86' lang='lat' dir='ltr'><strong>impulsio·</strong></span> 
     </span>
    </p>
   </div>
   <div class='ocr_carea' id='block_1_26' title="bbox 0 0 2011 6292">
    <p class='ocr_par' dir='ltr' id='par_1_28' title="bbox 0 0 2011 6292">
     <span class='ocr_line' id='line_1_87' title="bbox 0 0 2011 6292; baseline 0 0"><span class='ocrx_word' id='word_1_750' title='bbox 0 0 2011 6292; x_wconf 95' lang='lat' dir='ltr'><strong> </strong></span> 
     </span>
    </p>
   </div>
  </div>
 </body>
</html>
