3975 6292
170 324 225 387 eso
585 331 632 389 su
652 307 1391 401 nouumsrsuuuinsronttuunumunurm.
1770 346 1825 407 uto

169 442 263 500 luntur
290 458 356 517 crgo
378 443 554 504 rehemcnter
576 448 622 520 qui
648 449 808 507 auctoritate
831 448 1107 526 AugustiuiAetqne
1127 456 1274 524 uictorias,
1297 473 1358 515 cum
1379 458 1405 515 in
1425 458 1521 517 litteris
1539 441 1701 534 digerimus,
1716 470 1826 521 eterne

168 537 317 596 abutuntur
328 548 357 596 ut
368 540 483 612 probent
494 556 526 597 ee
537 557 599 598 esse
611 543 669 613 ipse
680 544 882 614 proconsularia
894 553 970 618 geste
1024 546 1162 603 memoriae
1174 547 1357 605 conseramus.
1378 548 1432 608 Sed
1448 566 1501 609 uon
1521 551 1646 621 inuenio,
1667 553 1765 611 iratres
1783 554 1826 612 di·

168 641 312 706 exceptae
332 635 457 702 notariis,
478 650 538 692 cum
556 652 572 691 e
589 648 682 694 contre
697 653 731 695 ex
745 639 900 696 testimonio
913 637 972 695 Au·
1023 636 1187 709 lectissimi,
1210 640 1309 712 quibus
1331 650 1391 698 uter
1421 643 1558 710 exordiis,
1582 659 1670 717 quoue
1692 645 1826 719 principio

166 726 267 799 gustini
282 727 424 800 colligetur
436 744 490 783 non
505 737 599 785 catere
613 730 691 787 bodie
703 745 735 787 ee
751 739 839 803 geste,
853 731 901 789 sed
914 743 972 789 tatt-
1022 728 1110 786 leudis
1120 732 1259 803 aggrediar
1277 733 1510 792 sanctissimorum
1525 746 1675 807 martyrum
1698 734 1826 794 icliclssi·

167 828 223 877 tutu
243 819 384 877 historiam
404 836 483 891 quam
505 821 645 878 bonatista
665 824 712 880 ille
731 840 764 880 cx
779 824 874 881 iisdem
888 826 972 897 gestis
1022 838 1094 881 mem
1113 824 1321 883 confessionem.
1347 826 1450 899 blegnis
1470 830 1541 885 enim
1563 829 1643 887 rebus
1664 830 1825 903 magnisque

166 910 350 967 concinuerit.
366 910 433 969 Nem
449 914 615 985 Augustinus
629 914 656 970 in
668 916 809 973 llrcuiculo
820 917 872 975 diei
884 919 970 975 tertiae
1022 914 1167 975 uirtutibus
1182 919 1289 989 rapior:
1303 927 1331 975 et
1343 919 1474 992 quidquid
1491 921 1616 992 estquod
1631 922 1658 977 itt
1670 921 1737 993 ipsis
1751 924 1825 994 espi-

164 1016 226 1071 rap.
247 1002 291 1069 ll,
303 1002 383 1060 docet
398 1011 474 1075 gesta
494 1016 643 1079 martyrum
663 1015 754 1063 notate
767 1007 851 1065 luisse
864 1008 970 1066 Diocle·
1021 1007 1084 1075 cio,
1102 1008 1153 1064 lroc
1168 1017 1253 1066 totum
1272 1009 1393 1067 diuinum
1415 1020 1496 1083 etque
1515 1011 1629 1069 coeleste
1643 1011 1772 1080 admiror,
1793 1013 1822 1071 iu

165 1091 239 1149 tiano
260 1109 289 1150 tx
310 1103 339 1150 et
359 1094 523 1152 Maximiano
537 1112 585 1152 tut
607 1097 782 1165 consulibus,
808 1098 894 1171 pridie
908 1098 970 1157 idus
1021 1100 1168 1161 deuotione
1180 1103 1278 1171 iidem,
1292 1105 1318 1159 in
1334 1105 1386 1159 uite
1401 1106 1591 1173 sanctitatem,
1608 1105 1637 1161 itt
1650 1106 1823 1165 confessione

163 1182 315 1255 februarii,
336 1201 398 1242 cum
414 1186 441 1243 in
456 1186 509 1245 bec
523 1188 594 1245 libro
608 1190 738 1259 scriptum
752 1191 911 1261 simpliciter
922 1193 966 1262 sit,
1019 1197 1198 1253 constentiam
1212 1239 1220 1265 ,
1234 1196 1260 1253 in
1278 1198 1403 1269 passione
1417 1198 1566 1256 uictoriam.
1582 1199 1648 1269 Quae
1661 1214 1706 1257 res
1719 1208 1821 1271 quanto

162 1277 266 1349 absque
281 1277 335 1334 ulla
355 1280 486 1350 temporis
506 1288 587 1349 nota,
607 1280 706 1337 bellum
728 1299 761 1339 cx
775 1299 829 1355 quo
840 1284 891 1341 orti
905 1293 968 1342 sont
1019 1288 1086 1345 solae
1100 1289 1125 1345 in
1140 1290 1197 1345 suis
1210 1290 1354 1346 uirtutibus
1374 1290 1477 1363 lulgettt
1489 1332 1496 1358 ,
1510 1300 1584 1348 tanto
1604 1301 1667 1348 sunt
1684 1308 1779 1351 omnes
1792 1294 1821 1351 iu

162 1370 309 1428 traditores
327 1381 492 1429 commotum
517 1372 601 1430 luisse
621 1374 787 1447 temporibus
809 1376 966 1434 lliocletiaui
1018 1382 1130 1455 singulis
1149 1383 1313 1456 martyribus
1330 1383 1468 1440 clariores.
1481 1382 1572 1439 Placet
1586 1384 1666 1455 igitur
1679 1385 1706 1441 in
1723 1386 1822 1457 princi·

160 1472 190 1521 et
200 1464 364 1521 llerimiani.
385 1466 520 1523 Praeterea
540 1483 600 1537 qute
611 1467 639 1523 in
654 1468 744 1539 capite
763 1468 798 1524 ld
810 1477 838 1526 et
851 1483 967 1541 sequen·
1018 1474 1063 1545 pio
1076 1488 1185 1533 causam
1197 1474 1282 1547 ipsius
1294 1474 1355 1532 belli
1371 1484 1487 1533 tractare
1504 1476 1639 1549 totiusque
1659 1477 1754 1534 mundi
1766 1478 1823 1534 dis·

159 1557 234 1613 tibus
244 1556 370 1614 dicuntur
379 1557 415 1615 de
426 1557 561 1616 liensurio
579 1569 607 1618 et
619 1560 782 1630 ceciliano,
797 1578 830 1619 ee
843 1562 966 1635 prolecto
1017 1567 1119 1623 crimen
1131 1567 1285 1623 necessario
1294 1567 1414 1624 breuiter
1424 1567 1497 1624 omni
1508 1568 1646 1625 celeritate
1655 1569 1822 1639 discurrere:

158 1665 216 1707 non
231 1651 369 1723 pertinent
382 1652 415 1709 etl
430 1661 506 1725 gesta
521 1655 733 1726 proconsularia,
747 1667 775 1715 et
785 1656 856 1715 lecte
870 1657 898 1715 in
908 1659 966 1717 eol-
1016 1666 1046 1715 ut
1055 1660 1144 1730 agnita
1155 1660 1283 1727 ueritate,
1296 1668 1323 1715 et
1334 1661 1443 1730 proemia
1453 1660 1598 1735 Martyrum
1610 1670 1638 1719 ct
1648 1676 1742 1734 poenas
1757 1663 1820 1734 quis

158 1742 263 1801 latione
285 1744 491 1819 Carthaginensi
515 1763 570 1805 nou
584 1747 670 1806 luisse
692 1759 767 1808 recte
790 1751 964 1811 observatum
1015 1752 1122 1810 nouerit
1138 1752 1308 1809 traditorum.
1705 1821 1709 1829 ,
1835 1814 1840 1824 ,

158 1847 204 1895 cst
248 1837 376 1898 Berouio.
976 1852 1002 1914 Β
1050 1845 1084 1903 ll.
1105 1844 1282 1918 Temporibus
1305 1861 1421 1917 namque
1441 1846 1599 1904 Diocletiani
1618 1856 1645 1905 ct
1663 1848 1819 1907 Maximiani

156 1972 192 2032 1„
193 1977 218 2031 ά
237 1976 295 2033 ,m
316 1980 490 2037 mmm
513 1989 538 2037 el
558 1991 633 2038 m
656 1991 723 2040 mm
741 2001 799 2041 mm
822 1986 960 2043 smmi.
1014 1938 1818 2001 bellundtebolosctnisuamstndtrtttstomouontsecm

219 1993 237 2048 ρ
280 2051 283 2055 ·
366 1981 382 2053 f
722 2001 740 2057 ⁹
932 2004 959 2044 η’
1011 2044 1104 2091 saneta
1120 2034 1226 2091 bomini
1241 2042 1402 2092 testamenta
1421 2034 1629 2109 scripturasque
1650 2037 1757 2094 diuinas
1778 2037 1815 2093 ed

194 2071 350 2144 imm
369 2072 487 2140 ΜΨ
513 2072 612 2143 „mm”
636 2077 748 2151 mm
760 2088 960 2151 mmm
1010 2128 1179 2186 exurendum
1192 2137 1311 2199 peteret,
1324 2129 1451 2187 basilicas
1465 2130 1617 2189 dominicas
1626 2131 1815 2204 subverteret,

1009 2221 1817 2295 etritussneroscoetttsquesanctissimoscelcbrariDomino

1011 2311 1177 2385 proltiberct.
1200 2312 1253 2369 Sed
1268 2328 1320 2369 non
1343 2314 1404 2370 tulit
1417 2315 1555 2371 exercitus
1570 2316 1676 2371 Domini
1695 2315 1742 2372 liei
1765 2315 1816 2371 int·

1012 2419 1092 2461 mane
1104 2414 1285 2477 praeceptum,
1305 2406 1517 2479 sacrilegamque
1527 2407 1678 2479 jussionem
1697 2410 1812 2481 peritor-

1011 2498 1065 2555 ruit
1077 2514 1084 2564 ;
1098 2506 1127 2553 et
1141 2512 1203 2553 mox
1216 2498 1277 2554 lidei
1289 2513 1363 2556 acute
1385 2498 1535 2572 corripuit,
1546 2500 1685 2557 descendit
1698 2500 1725 2557 itt
1742 2516 1811 2572 prae-

1010 2590 1075 2646 lium
1088 2630 1096 2659 ,
1113 2606 1166 2646 non
1176 2599 1230 2647 tem
1243 2599 1337 2648 contre
1348 2591 1472 2649 homines
1482 2608 1562 2664 quem
1573 2602 1666 2649 contra
1677 2594 1814 2649 diabolum

192 2672 274 2743 tout
290 2675 427 2747 religionis
442 2678 621 2736 sanctissimae
635 2680 801 2740 ddeerultet
814 2694 842 2742 et
857 2686 958 2759 glorie·
1009 2693 1185 2756 pugnaturus.
1203 2682 1235 2739 Et
1245 2684 1367 2756 quemuis
1384 2684 1515 2743 tredendo
1527 2686 1673 2755 gentilibus
1687 2686 1810 2761 Scriptu-

151 2766 237 2823 turiu
253 2766 383 2836 cbristo,
402 2771 649 2843 quiquedominica
659 2774 774 2832 reritete
785 2776 900 2849 gautlet,
914 2795 959 2836 er·
1009 2792 1054 2834 res
1067 2775 1216 2834 durniuices
1229 2785 1310 2849 atque
1325 2786 1484 2835 testamenta
1495 2777 1585 2833 diuine
1605 2778 1723 2850 prolenis
1738 2778 1807 2851 igui-

151 2875 219 2918 rore
228 2862 354 2919 damnato
364 2904 373 2930 ‚
384 2874 413 2919 ut
424 2862 572 2923 Ecclesiam
583 2866 744 2925 cetltolicam
757 2879 864 2939 teneat,
878 2886 957 2930 sauc-
1008 2872 1060 2929 bus
1074 2870 1257 2927 comburenda
1270 2910 1278 2938 ,
1292 2884 1307 2925 a
1323 2868 1384 2926 lidei
1399 2871 1510 2928 cardine
1524 2870 1648 2928 cecidere
1667 2872 1810 2941 nonnulli,
1890 2872 1895 2881 '

152 2962 265 3025 tamque
278 2957 644 3029 communionemeprulene
657 2960 873 3029 circumtecta
884 2979 957 3021 mer·
1008 2962 1195 3021 conservando
1208 2970 1298 3019 temen
1316 2976 1383 3032 ees,
1406 2970 1436 3020 et
1454 2977 1503 3033 pro
1522 2962 1589 3033 ipsis
1602 2962 1718 3020 libenter
1732 2979 1811 3021 suum

151 3054 245 3121 tyrum
262 3049 349 3123 legat,
374 3066 435 3122 quae
458 3053 615 3109 necessario
631 3055 658 3109 in
683 3056 794 3112 arcltiro
816 3058 956 3116 memoriae
1008 3056 1168 3126 sanguinem
1191 3053 1371 3122 eliundendo,
1393 3052 1500 3111 fortiter
1528 3053 1619 3111 iecere
1643 3056 1812 3127 quampluri·

151 3144 397 3214 conscriptarum,
415 3159 450 3202 nc
460 3146 567 3203 saeculis
582 3148 784 3205 transeuntibus
802 3149 956 3208 obmulesce·
1008 3150 1064 3215 mi,
1078 3150 1177 3221 quique
1190 3149 1263 3221 pleni
1284 3149 1339 3205 lieo
1350 3191 1358 3216 ,
1371 3148 1479 3206 deuicto
1504 3158 1585 3221 atque
1599 3159 1736 3221 prostrato
1750 3151 1810 3208 die-

151 3244 198 3292 ret
206 3236 290 3307 glorie
310 3244 459 3310 martyrum
470 3246 497 3295 et
514 3238 653 3297 damnatio
668 3241 838 3298 traditorum.
852 3242 992 3315 Aggre-(j
1008 3241 1088 3311 bolo,
1102 3240 1240 3297 uictricem
1256 3240 1372 3311 palmam
1389 3240 1415 3297 in
1429 3240 1555 3311 passione
1572 3248 1729 3313 gestantes,
1744 3258 1810 3299 seu-

151 3330 215 3388 dior
224 3330 315 3404 itaque
326 3334 452 3390 etelestes
466 3348 569 3405 pugnes
583 3349 709 3408 noveque
723 3336 870 3393 certamine
879 3347 955 3409 gesta
1008 3336 1118 3394 tentiam
1133 3337 1158 3391 in
1173 3333 1315 3392 traditores
1333 3342 1413 3408 etque
1433 3334 1459 3391 iu
1477 3350 1572 3392 cortun
1586 3345 1726 3394 consortes
1739 3381 1746 3403 ,
1758 3352 1810 3408 qne

151 3440 204 3498 per
217 3424 379 3483 fortissimus
399 3426 500 3484 milites
518 3427 636 3497 christi,
656 3429 801 3489 bellatores
820 3432 953 3501 inuictos,
1006 3433 1069 3491 illos
1090 3432 1124 3490 ab
1148 3432 1274 3488 Ecclesia
1300 3430 1492 3488 communione
1517 3430 1690 3502 rejecerant,
1720 3433 1810 3489 cuncti

150 3527 287 3593 martyres
301 3518 454 3591 gloriosos,
469 3520 624 3593 aggredior,
639 3522 749 3594 inquam
760 3565 768 3591 ,
778 3539 814 3579 ea
829 3524 897 3581 actis
906 3540 955 3598 pu·
1008 3534 1141 3598 martyres
1164 3524 1273 3597 proprio
1289 3524 1420 3595 sanguine
1437 3522 1642 3593 consignabant.
1663 3522 1715 3580 l'es
1735 3524 1806 3582 eniut

150 3609 232 3668 blicis
242 3611 381 3682 seribere,
398 3626 452 3667 non
464 3621 517 3668 tant
537 3614 646 3685 ingenio
654 3614 803 3687 preditus,
822 3631 902 3687 quam
913 3616 954 3673 ci·
1006 3634 1060 3675 non
1080 3618 1166 3674 luerat
1178 3628 1206 3673 ut
1221 3618 1247 3672 itt
1268 3614 1388 3672 Ecclesia
1406 3615 1453 3671 bei
1469 3614 1550 3671 simul
1569 3626 1661 3672 essent
1674 3627 1809 3690 martyres

149 3704 198 3762 vili
208 3704 324 3776 quolllis
338 3720 398 3762 sum
413 3720 505 3763 amore
516 3706 693 3777 conjunctus,
706 3708 831 3765 consultu
843 3708 952 3779 quidem
1006 3719 1035 3769 et
1056 3710 1208 3766 traditores.
1225 3707 1395 3764 Adiciebant
1410 3706 1490 3779 igitur
1509 3707 1751 3781 undiqueversum
1770 3708 1804 3765 ed

151 3796 317 3855 ltoclaeieus
330 3796 448 3870 ,duplici
465 3798 568 3859 scilieet
581 3800 677 3868 modo,
693 3810 722 3856 ut
732 3809 760 3857 et
772 3800 953 3859 imitatoribus
1005 3800 1161 3859 certaminis
1174 3814 1298 3871 cetnputn
1315 3799 1447 3855 immense
1468 3800 1576 3871 agmina
1598 3799 1807 3857 confessorum:

149 3904 248 3949 eurum
263 3890 296 3948 ed
312 3892 470 3965 martyrium
492 3892 598 3950 animos
618 3908 823 3966 preparemus,
838 3904 866 3951 et
883 3910 952 3967 quos
1005 3904 1032 3951 et
1052 3893 1097 3949 ubi
1114 3892 1227 3964 quisque
1248 3890 1353 3948 bostem
1371 3900 1530 3962 repererat,
1546 3900 1634 3949 tustra
1649 3890 1704 3947 illic
1717 3890 1806 3948 domi·

148 3984 245 4040 viuere
259 3982 454 4055 inperpetuum
469 3994 551 4057 atque
566 3986 754 4042 cumbomino
768 3985 877 4043 Cbristo
891 4002 951 4059 reg·
1004 3989 1064 4047 nica
1086 3986 1248 4044 collocabat.
1270 3984 1391 4056 Namque
1414 3985 1441 4040 iu
1467 3984 1576 4041 civitate
1601 3982 1751 4040 alutinensi
1779 3985 1806 4040 itt

149 4074 409 4147 oareconlidimus,
424 4077 505 4134 ctiam
516 4077 694 4136 confessionis
709 4079 828 4153 ipsorum
849 4094 952 4153 pugnes
1004 4079 1087 4139 domo
1096 4078 1195 4136 Oceani
1207 4077 1323 4146 Felicis,
1338 4092 1400 4134 curn
1412 4075 1508 4133 bellica
1523 4082 1633 4135 caneret
1647 4075 1730 4148 tuba,
1753 4075 1806 4133 tlo-

832 4193 968 4253 BALUle
1005 4194 1123 4253 ΝΟΜ.

187 4284 209 4340 Ι.
229 4282 265 4339 In
277 4284 528 4342 orobioootetttorioe.
545 4283 628 4353 lulra,
643 4300 704 4358 cap.
720 4286 748 4341 a.
760 4285 952 4361 Ep'tttqtteeort-
1041 4286 1074 4343 ll.
1097 4286 1268 4343 retamenta.
1284 4283 1417 4343 locediee
1430 4282 1588 4341 colbertino
1602 4285 1731 4369 scriptum
1751 4296 1804 4357 est,

149 4358 287 4431 sessionem
296 4357 323 4411 itt
333 4358 481 4412 menmriont
495 4374 548 4412 unu
562 4374 620 4412 cnm
641 4368 790 4415 ceterorum
811 4360 951 4429 consessio·
1005 4367 1178 4425 recremento,
1193 4357 1219 4414 id
1234 4366 1286 4421 est,
1300 4358 1427 4430 mysteria
1442 4373 1450 4412 t
1464 4356 1534 4427 quud
1552 4356 1647 4411 eodem
1662 4356 1765 4413 recidit.

148 4428 226 4485 eibum
247 4427 374 4513 redipettr.
405 4428 456 4485 ltbt
493 4428 625 4486 baronius
647 4438 759 4486 annotet
792 4431 950 4488 memoriam
1042 4428 1197 4486 Aletinensi.
1214 4428 1361 4485 lteSurins
1377 4426 1699 4484 eteodexColuertinus.
1716 4428 1806 4485 Editio

147 4500 252 4557 dictum
273 4500 357 4556 lutose
370 4499 459 4555 locum
484 4500 511 4556 in
524 4516 578 4571 quo
590 4509 664 4572 gesta
682 4502 883 4571 proconsularia
906 4517 947 4558 es·
1006 4500 1169 4558 llenseltenii
1184 4501 1265 4557 babet
1278 4500 1434 4582 abitinensi,
1453 4514 1488 4553 ert
1500 4498 1605 4581 duobus
1620 4502 1736 4584 antiquis
1754 4514 1804 4556 cu-

148 4570 339 4629 servabantur.
353 4570 453 4627 Verum
463 4587 524 4627 curn
540 4572 566 4627 id
575 4572 650 4627 nullo
663 4584 782 4630 ueterum
796 4574 952 4629 testimonio
1005 4573 1121 4635 dicibus.
1139 4581 1165 4629 ut
1181 4574 1239 4641 ipse
1249 4572 1295 4627 eit.
1312 4570 1383 4626 Sene
1395 4586 1422 4625 m
1438 4570 1581 4626 cullettouc
1596 4568 1804 4654 Cartltegtnensi

147 4642 327 4714 connprobet,
342 4651 369 4698 et
383 4658 426 4699 res
439 4643 609 4710 obscurarit,
625 4644 743 4700 nondum
757 4644 823 4700 mibi
836 4659 950 4716 persua·
1006 4643 1272 4717 leginmsllaxituum
1283 4654 1309 4699 et
1319 4641 1456 4699 Victorem
1469 4640 1802 4723 episeoposdbittnenses,

148 4730 211 4772 sum
231 4725 273 4771 est
296 4729 387 4770 teratu
408 4728 469 4771 esse
482 4714 736 4785 interpretationem
751 4715 836 4770 illem.
851 4715 948 4772 Notum
961 4710 990 4772 D
1002 4726 1031 4773 et
1046 4719 1072 4772 iu
1087 4715 1201 4771 concilio
1215 4713 1419 4795 Carthaginensi
1438 4712 1489 4793 sub
1506 4712 1643 4783 Cypriane
1657 4712 1742 4797 adluit
1754 4716 1801 4798 Se·

148 4794 194 4843 est
211 4783 294 4842 luisse
318 4786 345 4841 in
360 4786 458 4855 palutio
473 4786 667 4857 imperatorum
688 4787 833 4857 magistros
848 4800 951 4843 memo-
1003 4784 1329 4857 turuinnsepiscopuseb
1345 4784 1469 4838 llbtttnts.
1488 4784 1543 4855 Ego
1565 4793 1665 4849 tamen,
1682 4800 1727 4857 qut
1745 4800 1803 4842 scre

147 4860 209 4919 riae.
224 4858 269 4928 qui
293 4857 429 4914 dictabant
450 4858 484 4912 ad
505 4860 674 4923 memoriam,
698 4857 845 4929 dequibus
866 4859 950 4914 multe
1002 4858 1181 4930 periculosam
1195 4871 1256 4913 esse
1265 4856 1413 4927 quemlibet
1425 4856 1600 4937 mutationem
1612 4856 1638 4941 itt
1648 4856 1803 4914 nominibus

169 4944 201 4985 ro
214 4944 264 4984 suo
277 4943 353 4985 more
370 4926 436 4983 dixit
451 4928 601 4985 Salmasius
622 4930 648 4984 in
663 4928 740 4986 Notis
753 4928 786 4985 ed
802 4933 950 5000 scriptores
1001 4928 1128 5002 propriis,
1144 4929 1279 4999 precipue
1296 4941 1360 4983 tero
1375 4927 1401 4982 in
1413 4926 1565 4983 nomtntbus
1578 4938 1715 4985 ctuttetum
1730 4928 1803 4985 Abi-

147 4945 405 5073 Ristoriaeaugustat
419 5014 479 5071 pag.
495 4998 549 5057 aut
572 4998 677 5059 ettae.
692 5000 792 5058 Verum
813 5000 872 5058 baec
889 5016 946 5056 mc·
1000 5014 1052 5069 cte,
1068 5009 1186 5056 ueterem
1201 4999 1342 5055 lectionem
1361 4998 1470 5081 retinui.
1561 5068 1568 5082 ⁶
1716 5068 1723 5083 ι
1779 5069 1785 5083 .

147 5072 236 5130 muria
245 5072 353 5129 diversa
365 5072 415 5125 luit
427 5071 589 5142 ebeacujus
602 5071 645 5128 ltie
655 5072 767 5129 nicetio.
779 5072 848 5129 Puto
858 5083 948 5129 autem
1039 5070 1145 5127 deceni.
1172 5070 1200 5125 ln
1223 5068 1316 5147 codice
1337 5066 1616 5152 Celberunoulegttur
1639 5079 1733 5127 ortem.
1756 5069 1803 5127 Stc

147 5142 196 5201 ltic
206 5144 366 5200 memoriam
379 5142 531 5212 siguilicere
543 5143 652 5201 codices
665 5144 796 5215 publicos,
811 5145 838 5201 in
851 5144 949 5215 quibus
1001 5142 1083 5201 etiam
1098 5142 1125 5199 in
1151 5140 1305 5200 i'rerircusi
1324 5150 1454 5211 scrtptum
1475 5139 1558 5197 lutsse
1578 5140 1707 5198 admouet
1728 5140 1803 5199 Ecu-

148 5230 240 5273 causet
264 5214 451 5273 scribebantur
477 5230 538 5285 quae
562 5213 589 5269 in
617 5213 677 5271 loro
704 5214 885 5287 agitabantur,
915 5228 950 5273 ne
1001 5213 1137 5271 sebonius.
1449 5282 1456 5297 υ
1622 5282 1628 5293 ⁹
1726 5282 1756 5295 Η

147 5302 244 5345 earum
257 5285 385 5342 memorie
400 5284 628 5343 aboleretur.Sed
643 5287 670 5342 in
684 5286 759 5341 initio
775 5286 951 5357 ltujttsbisto·
1037 5284 1136 5341 Bellica
1158 5283 1228 5342 tubo.
1243 5282 1284 5340 Ne
1304 5282 1533 5355 quisexisltmerc
1556 5289 1643 5353 possut
1657 5281 1802 5367 ‚baecndtcta
1848 5320 1853 5327 -

148 5357 444 5428 rite,ubilegituraete
454 5356 835 5429 martyrntnideoinarebito
848 5371 951 5414 memo-
1002 5370 1064 5414 esse
1089 5370 1164 5413 more
1190 5355 1340 5424 rhetorum,
1365 5370 1419 5412 non
1443 5355 1619 5437 autemnstylu
1633 5354 1800 5438 ‚sumpltctter

148 5430 199 5487 rite
211 5428 365 5498 conscripta
378 5442 439 5484 esse
464 5444 499 5484 ne
522 5429 629 5484 seculis
646 5430 849 5486 tntttseuntibus
867 5430 949 5485 obso·
1002 5427 1150 5495 historico,
1176 5426 1353 5501 proferendus
1378 5435 1421 5511 est
1447 5426 1523 5482 locus
1542 5426 1655 5507 insigues
1673 5440 1708 5481 cx
1733 5437 1802 5485 acus

148 5501 265 5558 lesceret
293 5498 378 5573 gloria
413 5509 576 5572 martyrum,
606 5500 733 5558 existimo
757 5515 817 5556 eam
852 5515 949 5557 uocem
1003 5510 1104 5557 sancte
1115 5498 1272 5570 Eupltetnitn
1285 5507 1421 5571 martyrts,
1446 5512 1506 5567 quse
1526 5496 1577 5551 lunc
1590 5510 1647 5567 tpse
1674 5510 1800 5565 persecu·

148 5573 260 5632 diuerso
273 5586 356 5627 sensu
379 5570 494 5641 positam
517 5584 595 5641 esse,
618 5582 646 5628 et
659 5571 704 5630 bic
726 5585 780 5629 uon
801 5570 897 5630 referri
915 5572 950 5629 ed
1004 5571 1078 5629 tione
1092 5570 1212 5629 terrente
1232 5570 1265 5625 ed
1281 5572 1364 5625 ileum
1388 5567 1580 5651 translataest
1595 5566 1665 5651 apud
1686 5565 1802 5653 ciseice-

148 5644 259 5701 codices
283 5640 416 5714 publicus.
432 5656 546 5712 quorum
568 5644 689 5701 custodia
714 5658 769 5700 nott
794 5652 854 5700 eret
868 5658 951 5715 penes
1004 5644 1113 5703 donem.
1133 5642 1191 5700 illic
1214 5656 1279 5713 ergo
1293 5642 1422 5711 scriptum
1441 5650 1484 5695 est
1492 5635 1580 5721 'itttsse
1598 5654 1624 5693 ιιι
1642 5652 1675 5697 ea
1693 5650 1802 5699 ctuttete

107 5744 111 5751 =
148 5716 262 5781 clerum,
278 5714 326 5771 sed
341 5712 376 5767 ed
390 5714 476 5771 libros
494 5712 709 5785 Ecclesiasticus,
728 5716 755 5771 iu
774 5716 872 5786 quibus
883 5730 950 5771 coo·
1006 5716 1129 5789 templum
1143 5714 1236 5770 liertit
1248 5721 1273 5769 et
1284 5713 1383 5784 insiqtte
1394 5709 1652 5767 ildutrtntulccrunt.
1669 5708 1802 5769 Vocetent

148 5786 251 5857 scripte
265 5794 344 5842 erent
355 5795 589 5858 gestemertymm
607 5784 814 5847 admemoriam
829 5786 953 5847 omnium
1005 5796 1092 5843 eoum
1103 5786 1187 5843 edictu
1195 5784 1261 5839 cites
1275 5784 1310 5839 etl
1323 5786 1414 5854 [ertum
1427 5790 1503 5838 eteot
1512 5781 1555 5851 qui
1569 5779 1716 5838 mutulam
1734 5784 1803 5840 cirre

148 5848 353 5929 simpliciterne
1006 5854 1202 5915 Cltttltedouttu.
1219 5854 1386 5913 diluebantur
1397 5864 1456 5909 cero
1475 5860 1615 5909 murteottt
1633 5853 1760 5927 supplicia
1769 5854 1802 5911 iit

119 2252 126 2261 .
191 2167 446 2241 infrascriptarum,
461 2170 507 2241 qei
526 2180 632 2243 propter
641 2172 762 2229 collector
774 2183 799 2229 et
815 2174 960 2250 scripturos

193 2258 337 2317 donanim
350 2261 398 2316 aab
417 2262 530 2318 declino
550 2272 610 2319 tutte
631 2268 786 2336 proconsule
799 2268 896 2338 Africae
918 2270 961 2326 die

192 2353 277 2424 pridie
296 2353 355 2410 ider
373 2353 497 2427 {ebreorit'
519 2354 674 2428 Cartbagine
687 2356 958 2433 Dortirmucottsestt‘,

192 2445 300 2503 dioerdr
321 2448 385 2503 locis
406 2449 611 2523 teotporiburque
637 2452 754 2508 diseretis
786 2454 959 2511 beatissimum

190 2540 342 2611 tmgut'rteot
355 2542 535 2614 profuderunt.
